@comment{%15 june 16:35}

@misc{ABXdatabaseJhopkins,
 title = {Hopkins ABX Guide},
 urldate = {2019-05-15}
}

@misc{AlphaGo,
 title = {Artificial intelligence: Go master Lee Se-dol wins against AlphaGo program - BBC News},
 urldate = {2019-05-15}
}

@article{FDA_approved,
 doi = {10.1038/nbt0118-6a},
 journal = {Nature Biotechnology},
 number = {1},
 pages = {6--6},
 title = {FDA approves hereditary blindness gene therapy},
 volume = {36},
 year = {2018}
}

@article{Abouzeed2008,
 author = {Abouzeed, Y. M. and Baucheron, S. and Cloeckaert, A.},
 doi = {10.1128/AAC.00084-08},
 journal = {Antimicrobial agents and chemotherapy},
 number = {7},
 pages = {2428--34},
 publisher = {American Society for Microbiology (ASM)},
 title = {ramR mutations involved in efflux-mediated multidrug resistance in Salmonella enterica serovar Typhimurium.},
 volume = {52},
 year = {2008}
}

@article{Abraham1988,
 author = {Abraham, E P and Chain, E},
 journal = {Reviews of infectious diseases},
 number = {4},
 pages = {677--8},
 title = {An enzyme from bacteria able to destroy penicillin. 1940.},
 volume = {10},
 year = {1988}
}

@article{Aguilera1999,
 author = {Aguilera, O. and Ostolaza, H. and Quirós, L.M. and Fierro, J.F.},
 doi = {10.1016/S0014-5793(99)01545-8},
 journal = {FEBS Letters},
 number = {3},
 pages = {273--277},
 publisher = {No longer published by Elsevier},
 title = {Permeabilizing action of an antimicrobial lactoferricin-derived peptide on bacterial and artificial membranes},
 volume = {462},
 year = {1999}
}

@article{Allen1998,
 author = {Allen, C A and Adams, L G and Ficht, T A},
 journal = {Infection and immunity},
 number = {3},
 pages = {1008--16},
 title = {Transposon-derived Brucella abortus rough mutants are attenuated and exhibit reduced intracellular survival.},
 volume = {66},
 year = {1998}
}

@article{Anguela2019,
 author = {Anguela, Xavier M. and High, Katherine A.},
 doi = {10.1146/annurev-med-012017-043332},
 journal = {Annual Review of Medicine},
 keywords = {adeno-associated viral vectors,gene therapy,immunotherapy,lentiviral vectors},
 number = {1},
 pages = {273--288},
 publisher = { Annual Reviews },
 title = {Entering the Modern Era of Gene Therapy},
 volume = {70},
 year = {2019}
}

@article{Arnold1980,
 author = {Arnold, R R and Brewer, M and Gauthier, J J},
 journal = {Infection and immunity},
 number = {3},
 pages = {893--8},
 title = {Bactericidal activity of human lactoferrin: sensitivity of a variety of microorganisms.},
 volume = {28},
 year = {1980}
}

@article{Arnold1977,
 author = {Arnold, R. and Cole, M. and McGhee, J R},
 doi = {10.1126/science.327545},
 journal = {Science},
 number = {4300},
 pages = {263--265},
 title = {A bactericidal effect for human lactoferrin},
 volume = {197},
 year = {1977}
}

@article{Arseneault2010,
 author = {Arseneault, Marjolaine and Bédard, Sarah and Boulet-Audet, Maxime and Pézolet, Michel},
 doi = {10.1021/la903014w},
 journal = {Langmuir},
 number = {5},
 pages = {3468--3478},
 publisher = {American Chemical Society},
 title = {Study of the Interaction of Lactoferricin B with Phospholipid Monolayers and Bilayers},
 volume = {26},
 year = {2010}
}

@article{Avrahami2004,
 author = {Avrahami, Dorit and Shai, Yechiel},
 doi = {10.1074/jbc.M312260200},
 journal = {Journal of Biological Chemistry},
 number = {13},
 pages = {12277--12285},
 title = {A New Group of Antifungal and Antibacterial Lipopeptides Derived from Non-membrane Active Peptides Conjugated to Palmitic Acid},
 volume = {279},
 year = {2004}
}

@article{Bahar2013,
 author = {Bahar, Ali Adem and Ren, Dacheng},
 doi = {10.3390/ph6121543},
 journal = {Pharmaceuticals (Basel, Switzerland)},
 number = {12},
 pages = {1543--75},
 publisher = {Multidisciplinary Digital Publishing Institute (MDPI)},
 title = {Antimicrobial peptides.},
 volume = {6},
 year = {2013}
}

@article{Band2014,
 author = {Band, Victor and Weiss, David},
 doi = {10.3390/antibiotics4010018},
 journal = {Antibiotics},
 keywords = {AMP,CAMP,Gram-negative,antibiotic resistance,antimicrobial peptide},
 number = {1},
 pages = {18--41},
 title = {Mechanisms of Antimicrobial Peptide Resistance in Gram-Negative Bacteria},
 volume = {4},
 year = {2014}
}

@article{Baranska-Rybak2006,
 author = {Barańska-Rybak, W. and Sonesson, A. and Nowicki, R. and Schmidtchen, A.},
 doi = {10.1093/jac/dki460},
 journal = {Journal of Antimicrobial Chemotherapy},
 keywords = {binding (molecular function),heparin,plasma},
 number = {2},
 pages = {260--265},
 publisher = {Narnia},
 title = {Glycosaminoglycans inhibit the antibacterial activity of LL-37 in biological fluids},
 volume = {57},
 year = {2006}
}

@article{Baroud2013,
 author = {Baroud, M. and Dandache, I. and Araj, G. F. and Wakim, R. and Kanj, S. and Kanafani, Z. and Khairallah, M. and Sabra, A. and Shehab, M. and Dbaibo, G. and Matar, G. M.},
 doi = {10.1016/j.ijantimicag.2012.08.010},
 journal = {International Journal of Antimicrobial Agents},
 number = {1},
 pages = {75--79},
 title = {Underlying mechanisms of carbapenem resistance in extended-spectrum $β$-lactamase-producing Klebsiella pneumoniae and Escherichia coli isolates at a tertiary care centre in Lebanon: role of OXA-48 and NDM-1 carbapenemases},
 volume = {41},
 year = {2013}
}

@article{Barrangou2015,
 author = {Barrangou, Rodolphe},
 doi = {10.1016/j.coi.2014.12.008},
 journal = {Current Opinion in Immunology},
 pages = {36--41},
 title = {The roles of CRISPR–Cas systems in adaptive immunity and beyond},
 volume = {32},
 year = {2015}
}

@article{Batoni2011,
 author = {Batoni, Giovanna and Maisetta, Giuseppantonio and Lisa Brancatisano, Franca and Esin, Semih and Campa, Mario},
 doi = {10.2174/092986711794088399},
 journal = {Current Medicinal Chemistry},
 number = {2},
 pages = {256--279},
 title = {Use of Antimicrobial Peptides Against Microbial Biofilms: Advantages and Limits},
 volume = {18},
 year = {2011}
}

@article{Baucheron2014,
 author = {Baucheron, S. and Nishino, K. and Monchaux, I. and Canepa, S. and Maurel, M.-C. and Coste, F. and Roussel, A. and Cloeckaert, A. and Giraud, E.},
 doi = {10.1093/jac/dku140},
 journal = {Journal of Antimicrobial Chemotherapy},
 keywords = {promoters,ramR,surface plasmon resonance,transcriptional regulation},
 number = {9},
 pages = {2400--2406},
 title = {Bile-mediated activation of the acrAB and tolC multidrug efflux genes occurs mainly through transcriptional derepression of ramA in Salmonella enterica serovar Typhimurium},
 volume = {69},
 year = {2014}
}

@article{Bellamy1992,
 author = {Bellamy, Wayne and Takase, Mitsunori and Yamauchi, Koji and Wakabayashi, Hiroyuki and Kawase, Kouzou and Tomita, Mamoru},
 doi = {10.1016/0167-4838(92)90346-F},
 journal = {Biochimica et Biophysica Acta (BBA) - Protein Structure and Molecular Enzymology},
 number = {1-2},
 pages = {130--136},
 publisher = {Elsevier},
 title = {Identification of the bactericidal domain of lactoferrin},
 volume = {1121},
 year = {1992}
}

@misc{PDB,
 author = {Berman, H. M. and Westbrook, J. and Feng, Z. and Gilliland, G. and Bhat, T. N. and Weissig, H. and Shindyalov, I. N. and Bourne, P. E.},
 howpublished = {Nucleic Acids Research, 28: 235-242},
 title = {The Protein Data Bank},
 year = {2000}
}

@article{Bertelsen2012,
 author = {Bertelsen, K. and Dorosz, J. and Hansen, S. K. and Nielsen, N. Chr. and Vosegaard, T.},
 doi = {10.1371/journal.pone.0047745},
 editor = {van Veen, Hendrik W.},
 journal = {PLoS ONE},
 number = {10},
 pages = {e47745},
 publisher = {Public Library of Science},
 title = {Mechanisms of Peptide-Induced Pore Formation in Lipid Bilayers Investigated by Oriented 31P Solid-State NMR Spectroscopy},
 volume = {7},
 year = {2012}
}

@article{amPEP,
 author = {Bhadra, Pratiti and Yan, Jielu and Li, Jinyan and Fong, Simon and Siu, Shirley W. I.},
 doi = {10.1038/s41598-018-19752-w},
 journal = {Scientific Reports},
 keywords = {Drug development,Machine learning},
 number = {1},
 pages = {1697},
 publisher = {Nature Publishing Group},
 title = {AmPEP: Sequence-based prediction of antimicrobial peptides using distribution patterns of amino acid properties and random forest},
 volume = {8},
 year = {2018}
}

@article{Biegeleisen2006,
 author = {Biegeleisen, Ken},
 doi = {10.1016/j.jtbi.2005.12.015},
 journal = {Journal of Theoretical Biology},
 number = {3},
 pages = {533--540},
 title = {The probable structure of the protamine–DNA complex},
 volume = {241},
 year = {2006}
}

@article{Billal2011,
 author = {Billal, D. S. and Feng, J. and Leprohon, P. and Légaré, D. and Ouellette, M.},
 doi = {10.1186/1471-2164-12-512},
 journal = {BMC Genomics},
 number = {1},
 pages = {512},
 title = {Whole genome analysis of linezolid resistance in Streptococcus pneumoniae reveals resistance and compensatory mutations},
 volume = {12},
 year = {2011}
}

@article{Birkegard2018,
 author = {Birkegård, A. C. and Halasa, T. and Toft, N. and Folkesson, A. and Græsbøll, K.},
 doi = {10.1186/s13756-018-0406-1},
 journal = {Antimicrobial resistance and infection control},
 pages = {117},
 publisher = {BioMed Central},
 title = {Send more data: a systematic review of mathematical models of antimicrobial resistance.},
 volume = {7},
 year = {2018}
}

@article{Bishop2000,
 author = {Bishop, R E and Gibbons, H S and Guina, T and Trent, M S and Miller, S I and Raetz, C R},
 doi = {10.1093/emboj/19.19.5071},
 journal = {The EMBO journal},
 number = {19},
 pages = {5071--80},
 title = {Transfer of palmitate from phospholipids to lipid A in outer membranes of gram-negative bacteria.},
 volume = {19},
 year = {2000}
}

@article{Blair2014,
 author = {Blair, Jessica M A and Webber, Mark A and Baylay, Alison J and Ogbolu, David O and Piddock, Laura J V},
 doi = {10.1038/nrmicro3380},
 journal = {Nature Publishing Group},
 keywords = {p_intro,p_resistance},
 title = {Molecular mechanisms of antibiotic resistance},
 volume = {13},
 year = {2014}
}

@article{Boisselier2009,
 author = {Boisselier, Elodie and Astruc, Didier},
 doi = {10.1039/b806051g},
 journal = {Chemical Society Reviews},
 number = {6},
 pages = {1759},
 publisher = {Royal Society of Chemistry},
 title = {Gold nanoparticles in nanomedicine: preparations, imaging, diagnostics, therapies and toxicity},
 volume = {38},
 year = {2009}
}

@article{Bokarewa2004,
 author = {Bokarewa, Maria and Tarkowski, Andrej},
 doi = {10.1160/TH03-11-0696},
 journal = {Thrombosis and Haemostasis},
 number = {05},
 pages = {991--999},
 title = {Human $α$-defensins neutralize fibrinolytic activity exerted by staphylokinase},
 volume = {91},
 year = {2004}
}

@article{Bolintineanu2011,
 author = {Bolintineanu, Dan S. and Kaznessis, Yiannis N.},
 doi = {10.1016/j.peptides.2010.10.006},
 journal = {Peptides},
 number = {1},
 pages = {188--201},
 title = {Computational studies of protegrin antimicrobial peptides: A review},
 volume = {32},
 year = {2011}
}

@article{Brogden2005,
 author = {Brogden, Kim A.},
 doi = {10.1038/nrmicro1098},
 journal = {Nature Reviews Microbiology},
 keywords = {Infectious Diseases,Life Sciences,Medical Microbiology,Microbiology,Parasitology,Virology,general},
 number = {3},
 pages = {238--250},
 publisher = {Nature Publishing Group},
 title = {Antimicrobial peptides: pore formers or metabolic inhibitors in bacteria?},
 volume = {3},
 year = {2005}
}

@article{Brotz1998,
 author = {Brötz, H and Josten, M and Wiedemann, I and Schneider, U and Götz, F and Bierbaum, G and Sahl, H G},
 journal = {Molecular microbiology},
 number = {2},
 pages = {317--27},
 title = {Role of lipid-bound peptidoglycan precursors in the formation of pores by nisin, epidermin and other lantibiotics.},
 volume = {30},
 year = {1998}
}

@article{Bugg1991,
 author = {Bugg, Timothy D. H. and Wright, Gerard D. and Dutka-Malen, Sylvie and Arthur, Michel and Courvalin, Patrice and Walsh, Christopher T.},
 doi = {10.1021/bi00107a007},
 journal = {Biochemistry},
 number = {43},
 pages = {10408--10415},
 publisher = {American Chemical Society},
 title = {Molecular basis for vancomycin resistance in Enterococcus faecium BM4147: biosynthesis of a depsipeptide peptidoglycan precursor by vancomycin resistance proteins VanH and VanA},
 volume = {30},
 year = {1991}
}

@article{Bunker2016,
 author = {Bunker, Alex and Magarkar, Aniket and Viitala, Tapani},
 doi = {10.1016/j.bbamem.2016.02.025},
 journal = {BBA - Biomembranes},
 keywords = {Drug delivery,Label-free analytics,Liposome,Molecular dynamics simulation,Nanomedicine,PEGylation},
 number = {10},
 pages = {2334--2352},
 publisher = {Elsevier B.V.},
 title = {Rational design of liposomal drug delivery systems, a review: Combined experimental and computational studies of lipid membranes, liposomes and their PEGylation},
 volume = {1858},
 year = {2016}
}

@article{Bustin2009,
 author = {Bustin, Stephen A and Benes, Vladimir and Garson, Jeremy A and Hellemans, Jan and Huggett, Jim and Kubista, Mikael and Mueller, Reinhold and Nolan, Tania and Pfaffl, Michael W and Shipley, Gregory L and Vandesompele, Jo and Wittwer, Carl T},
 doi = {10.1373/clinchem.2008.112797},
 journal = {Clinical chemistry},
 number = {4},
 pages = {611--22},
 publisher = {Clinical Chemistry},
 title = {The MIQE guidelines: minimum information for publication of quantitative real-time PCR experiments.},
 volume = {55},
 year = {2009}
}

@article{Buning2015,
 author = {Büning, Hildegard and Schmidt, Manfred},
 doi = {10.1038/mt.2015.182},
 journal = {Molecular therapy : the journal of the American Society of Gene Therapy},
 number = {11},
 pages = {1673--1675},
 publisher = {American Society of Gene & Cell Therapy},
 title = {Adeno-associated Vector Toxicity - To Be or Not to Be?},
 volume = {23},
 year = {2015}
}

@article{Campos2004,
 author = {Campos, Miguel A and Vargas, Miguel A and Regueiro, Verónica and Llompart, Catalina M and Albertí, Sebastián and Bengoechea, José A},
 doi = {10.1128/IAI.72.12.7107-7114.2004},
 journal = {Infection and immunity},
 number = {12},
 pages = {7107--14},
 publisher = {American Society for Microbiology (ASM)},
 title = {Capsule polysaccharide mediates bacterial resistance to antimicrobial peptides.},
 volume = {72},
 year = {2004}
}

@article{Castelletto2016,
 author = {Castelletto, Valeria and de Santis, Emiliana and Alkassem, Hasan and Lamarre, Baptiste and Noble, James E. and Ray, Santanu and Bella, Angelo and Burns, Jonathan R. and Hoogenboom, Bart W. and Ryadnov, Maxim G. and Vandesompele, J. and Wittwer, C. T.},
 doi = {10.1039/C5SC03260A},
 journal = {Chem. Sci.},
 keywords = {p_intro,p_npl},
 number = {3},
 pages = {1707--1711},
 publisher = {The Royal Society of Chemistry},
 title = {Structurally plastic peptide capsules for synthetic antimicrobial viruses},
 volume = {7},
 year = {2016}
}

@article{Castelletto2016virus,
 author = {Castelletto, Valeria and de Santis, Emiliana and Alkassem, Hasan and Lamarre, Baptiste and Noble, James E. and Ray, Santanu and Bella, Angelo and Burns, Jonathan R. and Hoogenboom, Bart W. and Ryadnov, Maxim G. and Vandesompele, J. and Wittwer, C. T.},
 doi = {10.1039/C5SC03260A},
 journal = {Chem. Sci.},
 keywords = {p_intro,p_npl},
 number = {3},
 pages = {1707--1711},
 publisher = {The Royal Society of Chemistry},
 title = {Structurally plastic peptide capsules for synthetic antimicrobial viruses},
 volume = {7},
 year = {2016}
}

@article{Chan2006,
 author = {Chan, David I. and Prenner, Elmar J. and Vogel, Hans J.},
 doi = {10.1016/j.bbamem.2006.04.006},
 journal = {Biochimica et Biophysica Acta (BBA) - Biomembranes},
 keywords = {p_amp,p_design,p_intro},
 number = {9},
 pages = {1184--1202},
 title = {Tryptophan- and arginine-rich antimicrobial peptides: Structures and mechanisms of action},
 volume = {1758},
 year = {2006}
}

@article{Cherkasov2009,
 author = {Cherkasov, Artem and Hilpert, Kai and Jenssen, Håvard and Fjell, Christopher D. and Waldbrook, Matt and Mullaly, Sarah C. and Volkmer, Rudolf and Hancock, Robert E.W.},
 doi = {10.1021/cb800240j},
 journal = {ACS Chemical Biology},
 number = {1},
 pages = {65--74},
 title = {Use of Artificial Intelligence in the Design of Small Peptide Antibiotics Effective against a Broad Spectrum of Highly Antibiotic-Resistant Superbugs},
 volume = {4},
 year = {2009}
}

@article{Choudhary2011,
 author = {Choudhary, Amit and Raines, Ronald T.},
 doi = {10.1002/cbic.201100272},
 journal = {ChemBioChem},
 number = {12},
 pages = {1801--1807},
 title = {An Evaluation of Peptide-Bond Isosteres},
 volume = {12},
 year = {2011}
}

@article{Cipcigan2018,
 author = {Cipcigan, Flaviu and Carrieri, Anna Paola and Pyzer-Knapp, Edward O. and Krishna, Ritesh and Hsiao, Ya-Wen and Winn, Martyn and Ryadnov, Maxim G. and Edge, Colin and Martyna, Glenn and Crain, Jason},
 doi = {10.1063/1.5027261},
 journal = {The Journal of Chemical Physics},
 keywords = {bioinformatics,biomembranes,microorganisms,molecular biophysics,proteins},
 number = {24},
 pages = {241744},
 publisher = {AIP Publishing LLC},
 title = {Accelerating molecular discovery through data and physical sciences: Applications to peptide-membrane interactions},
 volume = {148},
 year = {2018}
}

@article{Cochran2001,
 author = {Cochran, Andrea G. and Skelton, Nicholas J. and Starovasnik, Melissa A.},
 doi = {10.1073/PNAS.091100898},
 journal = {Proceedings of the National Academy of Sciences},
 number = {10},
 pages = {5578--5583},
 publisher = {National Academy of Sciences},
 title = {Tryptophan zippers: Stable, monomeric $β$-hairpins},
 volume = {98},
 year = {2001}
}

@article{Costerton1999,
 author = {Costerton, J W and Stewart, P S and Greenberg, E P},
 journal = {Science (New York, N.Y.)},
 number = {5418},
 pages = {1318--22},
 title = {Bacterial biofilms: a common cause of persistent infections.},
 volume = {284},
 year = {1999}
}

@article{Crombez2009,
 author = {Crombez, Laurence and Aldrian-Herrada, Gudrun and Konate, Karidia and Nguyen, Quan N and McMaster, Gary K and Brasseur, Robert and Heitz, Frederic and Divita, Gilles},
 doi = {10.1038/MT.2008.215},
 journal = {Molecular Therapy},
 number = {1},
 pages = {95--103},
 publisher = {Cell Press},
 title = {A New Potent Secondary Amphipathic Cell–penetrating Peptide for siRNA Delivery Into Mammalian Cells},
 volume = {17},
 year = {2009}
}

@article{Dathe1999,
 author = {Dathe, M and Wieprecht, T},
 journal = {Biochimica et biophysica acta},
 number = {1-2},
 pages = {71--87},
 title = {Structural features of helical antimicrobial peptides: their potential to modulate activity on model membranes and biological cells.},
 volume = {1462},
 year = {1999}
}

@article{Daya2008,
 author = {Daya, Shyam and Berns, Kenneth I},
 doi = {10.1128/CMR.00008-08},
 journal = {Clinical microbiology reviews},
 number = {4},
 pages = {583--93},
 publisher = {American Society for Microbiology (ASM)},
 title = {Gene therapy using adeno-associated virus vectors.},
 volume = {21},
 year = {2008}
}

@article{Delcour2009,
 author = {Delcour, A. H.},
 doi = {10.1016/J.BBAPAP.2008.11.005},
 journal = {Biochimica et Biophysica Acta (BBA) - Proteins and Proteomics},
 number = {5},
 pages = {808--816},
 publisher = {Elsevier},
 title = {Outer membrane permeability and antibiotic resistance},
 volume = {1794},
 year = {2009}
}

@article{Depan2011,
 author = {Depan, D. and Shah, J. and Misra, R.D.K.},
 doi = {10.1016/J.MSEC.2011.04.010},
 journal = {Materials Science and Engineering: C},
 number = {7},
 pages = {1305--1312},
 publisher = {Elsevier},
 title = {Controlled release of drug from folate-decorated and graphene mediated drug delivery system: Synthesis, loading efficiency, and drug release response},
 volume = {31},
 year = {2011}
}

@article{Deslouches2005,
 author = {Deslouches, B. and Phadke, S. M. and Lazarevic, V. and Cascio, M. and Islam, K. and Montelaro, R. C. and Mietzner, T. A.},
 doi = {10.1128/AAC.49.1.316-322.2005},
 journal = {Antimicrobial Agents and Chemotherapy},
 number = {1},
 pages = {316--322},
 title = {De Novo Generation of Cationic Antimicrobial Peptides: Influence of Length and Tryptophan Substitution on Antimicrobial Activity},
 volume = {49},
 year = {2005}
}

@article{DiLuca2014,
 author = {Di Luca, Mariagrazia and Maccari, Giuseppe and Nifosì, Riccardo},
 doi = {10.1111/2049-632X.12151},
 journal = {Pathogens and Disease},
 number = {3},
 pages = {257--270},
 publisher = {Narnia},
 title = {Treatment of microbial biofilms in the post-antibiotic era: prophylactic and therapeutic use of antimicrobial peptides and their design by bioinformatics tools},
 volume = {70},
 year = {2014}
}

@article{Ding2006,
 author = {Ding, B. and Seeman, N. C. and Zhang, D. Y. and Winfree, E.},
 doi = {10.1126/science.1131372},
 journal = {Science},
 number = {5805},
 pages = {1583--1585},
 publisher = {American Association for the Advancement of Science},
 title = {Operation of a DNA Robot Arm Inserted into a 2D DNA Crystalline Substrate},
 volume = {314},
 year = {2006}
}

@article{Dolejska2013,
 author = {Dolejska, M. and Villa, L. and Poirel, L. and Nordmann, P. and Carattoli, A.},
 doi = {10.1093/jac/dks357},
 journal = {Journal of Antimicrobial Chemotherapy},
 number = {1},
 pages = {34--39},
 title = {Complete sequencing of an IncHI1 plasmid encoding the carbapenemase NDM-1, the ArmA 16S RNA methylase and a resistance-nodulation-cell division/multidrug efflux pump},
 volume = {68},
 year = {2013}
}

@article{Douglas2012,
 author = {Douglas, S. M. and Bachelet, I. and Church, G. M.},
 doi = {10.1126/science.1214081},
 journal = {Science},
 number = {6070},
 pages = {831--834},
 title = {A Logic-Gated Nanorobot for Targeted Transport of Molecular Payloads},
 volume = {335},
 year = {2012}
}

@article{Ebbensgaard2015,
 author = {Ebbensgaard, Anna and Mordhorst, Hanne and Overgaard, Michael Toft and Nielsen, Claus Gyrup and Aarestrup, Frank Møller and Hansen, Egon Bech},
 doi = {10.1371/journal.pone.0144611},
 editor = {Mergaert, Peter},
 journal = {PLOS ONE},
 number = {12},
 pages = {e0144611},
 publisher = {Public Library of Science},
 title = {Comparative Evaluation of the Antimicrobial Activity of Different Antimicrobial Peptides against a Range of Pathogenic Bacteria},
 volume = {10},
 year = {2015}
}

@article{Ebenhan2014,
 author = {Ebenhan, Thomas and Gheysens, Olivier and Kruger, Hendrick Gert and Zeevaart, Jan Rijn and Sathekge, Mike Machaba},
 doi = {10.1155/2014/867381},
 journal = {BioMed research international},
 pages = {867381},
 publisher = {Hindawi},
 title = {Antimicrobial peptides: their role as infection-selective tracers for molecular imaging.},
 volume = {2014},
 year = {2014}
}

@article{Elsabahy2013,
 author = {Elsabahy, Mahmoud and Zhang, Shiyi and Zhang, Fuwu and Deng, Zhou J. and Lim, Young H. and Wang, Hai and Parsamian, Perouza and Hammond, Paula T. and Wooley, Karen L.},
 doi = {10.1038/srep03313},
 journal = {Scientific Reports},
 keywords = {Biomarkers,Chemical synthesis},
 number = {1},
 pages = {3313},
 publisher = {Nature Publishing Group},
 title = {Surface Charges and Shell Crosslinks Each Play Significant Roles in Mediating Degradation, Biofouling, Cytotoxicity and Immunotoxicity for Polyphosphoester-based Nanoparticles},
 volume = {3},
 year = {2013}
}

@article{Erol2017,
 author = {Erol, Ozlem and Uyan, Idil and Hatip, Meryem and Yilmaz, Canelif and Tekinay, Ayse B. and Guler, Mustafa O.},
 doi = {10.1016/j.nano.2017.03.021},
 journal = {Nanomedicine: Nanotechnology, Biology and Medicine},
 keywords = {Biocompatibility,Biomedical applications,Carbon nanotube,Graphene,Graphene oxide},
 title = {Recent Advances in Bioactive 1D and 2D Carbon Nanomaterials for Biomedical Applications},
 year = {2017}
}

@article{Fabretti2006,
 author = {Fabretti, F. and Theilacker, C. and Baldassarri, L. and Kaczynski, Z. and Kropec, A. and Holst, O. and Huebner, J.},
 doi = {10.1128/IAI.00111-06},
 journal = {Infection and Immunity},
 number = {7},
 pages = {4164--4171},
 title = {Alanine Esters of Enterococcal Lipoteichoic Acid Play a Role in Biofilm Formation and Resistance to Antimicrobial Peptides},
 volume = {74},
 year = {2006}
}

@article{Fan2017,
 author = {Fan, Taotao and Yu, Xiaoyan and Shen, Bing and Sun, Leming},
 doi = {10.1155/2017/4562474},
 journal = {Journal of Nanomaterials},
 pages = {1--16},
 publisher = {Hindawi},
 title = {Peptide Self-Assembled Nanostructures for Drug Delivery Applications},
 volume = {2017},
 year = {2017}
}

@article{Farnaud2003,
 author = {Farnaud, Sebastien and Evans, Robert W},
 journal = {Molecular immunology},
 number = {7},
 pages = {395--405},
 title = {Lactoferrin - a multifunctional protein with antimicrobial properties.},
 volume = {40},
 year = {2003}
}

@article{Farrotti2017,
 author = {Farrotti, Andrea and Conflitti, Paolo and Srivastava, Saurabh and Ghosh, Jimut and Palleschi, Antonio and Stella, Lorenzo and Bocchinfuso, Gianfranco and Farrotti, Andrea and Conflitti, Paolo and Srivastava, Saurabh and Ghosh, Jimut Kanti and Palleschi, Antonio and Stella, Lorenzo and Bocchinfuso, Gianfranco},
 doi = {10.3390/molecules22071235},
 journal = {Molecules},
 keywords = {LPS,Potential of Mean Force (PMF),Temporin,molecular dynamics simulations,peptide aggregation},
 number = {7},
 pages = {1235},
 publisher = {Multidisciplinary Digital Publishing Institute},
 title = {Molecular Dynamics Simulations of the Host Defense Peptide Temporin L and Its Q3K Derivative: An Atomic Level View from Aggregation in Water to Bilayer Perturbation},
 volume = {22},
 year = {2017}
}

@article{Fjell2011,
 author = {Fjell, Christopher D. and Hiss, Jan A. and Hancock, Robert E. W. and Schneider, Gisbert},
 doi = {10.1038/nrd3591},
 journal = {Nature Reviews Drug Discovery},
 number = {1},
 pages = {37},
 publisher = {Nature Publishing Group},
 title = {Designing antimicrobial peptides: form follows function},
 volume = {11},
 year = {2011}
}

@article{Floyd2010,
 author = {Floyd, J. L. and Smith, K. P. and Kumar, S. H. and Floyd, J. T. and Varela, M. F.},
 doi = {10.1128/AAC.00580-10},
 journal = {Antimicrobial Agents and Chemotherapy},
 number = {12},
 pages = {5406--5412},
 title = {LmrS Is a Multidrug Efflux Pump of the Major Facilitator Superfamily from Staphylococcus aureus},
 volume = {54},
 year = {2010}
}

@article{Floyd2010a,
 author = {Floyd, J. L. and Smith, K. P. and Kumar, S. H. and Floyd, J. T. and Varela, M. F.},
 doi = {10.1128/AAC.00580-10},
 journal = {Antimicrobial Agents and Chemotherapy},
 number = {12},
 pages = {5406--5412},
 title = {LmrS Is a Multidrug Efflux Pump of the Major Facilitator Superfamily from Staphylococcus aureus},
 volume = {54},
 year = {2010}
}

@article{Frick2011,
 author = {Frick, Inga-Maria and Nordin, Sara L. and Baumgarten, Maria and Mörgelin, Matthias and Sørensen, Ole E. and Olin, Anders I. and Egesten, Arne},
 doi = {10.4049/jimmunol.1004179},
 journal = {The Journal of Immunology},
 number = {8},
 pages = {4300--4309},
 title = {Constitutive and Inflammation-Dependent Antimicrobial Peptides Produced by Epithelium Are Differentially Processed and Inactivated by the Commensal \emphFinegoldia magna and the Pathogen \emphtreptococcus pyogenes},
 volume = {187},
 year = {2011}
}

@article{Fujii1993,
 author = {Fujii, Gary and Eisenberg, David and Selsted, Michael E.},
 doi = {10.1002/pro.5560020813},
 journal = {Protein Science},
 number = {8},
 pages = {1301--1312},
 title = {Defensins promote fusion and lysis of negatively charged membranes},
 volume = {2},
 year = {1993}
}

@article{Gahr1991,
 author = {Gahr, Manfred and Speer, Christian P. and Damerau, Bernd and Sawatzki, Günther},
 doi = {10.1002/jlb.49.5.427},
 journal = {Journal of Leukocyte Biology},
 number = {5},
 pages = {427--433},
 title = {Influence of Lactoferrin on the Function of Human Polymorphonuclear Leukocytes and Monocytes},
 volume = {49},
 year = {1991}
}

@article{Gandhi2014,
 author = {Gandhi, Nishant S and Tekade, Rakesh K and Chougule, Mahavir B},
 doi = {10.1016/j.jconrel.2014.09.001},
 journal = {Journal of controlled release : official journal of the Controlled Release Society},
 keywords = {Cancer,Clinical trial,Combination therapy,Nanotechnology,RNA,miRNA,siRNA},
 pages = {238--56},
 publisher = {NIH Public Access},
 title = {Nanocarrier mediated delivery of siRNA/miRNA in combination with chemotherapeutic agents for cancer therapy: current progress and advances.},
 volume = {194},
 year = {2014}
}

@article{Gao2010,
 author = {Gao, W. and Chua, K. and Davies, J. K. and Newton, H. J. and Seemann, T. and Harrison, P. F. and Holmes, N. E. and Rhee, H.-W. and Hong, J.-I. and Hartland, E. L. and Stinear, T. P. and Howden, B. P.},
 doi = {10.1371/journal.ppat.1000944},
 editor = {Cheung, Ambrose},
 journal = {PLoS Pathogens},
 number = {6},
 pages = {e1000944},
 publisher = {Public Library of Science},
 title = {Two Novel Point Mutations in Clinical Staphylococcus aureus Reduce Linezolid Susceptibility and Switch on the Stringent Response to Promote Persistent Infection},
 volume = {6},
 year = {2010}
}

@article{Garcia-Gutierrez2019,
 author = {Garcia-Gutierrez, Enriqueta and Mayer, Melinda J. and Cotter, Paul D. and Narbad, Arjan},
 doi = {10.1080/19490976.2018.1455790},
 journal = {Gut Microbes},
 keywords = {antibiotic resistance,antimicrobial,bacteriocin,biocontrol,gastrointestinal tract,homeostasis,microbiome,probiotic},
 number = {1},
 pages = {1--21},
 publisher = {Taylor & Francis},
 title = {Gut microbiota as a source of novel antimicrobials},
 volume = {10},
 year = {2019}
}

@article{Gazit1995,
 author = {Gazit, E and Boman, A and Boman, H G and Shai, Y},
 journal = {Biochemistry},
 number = {36},
 pages = {11479--88},
 title = {Interaction of the mammalian antibacterial peptide cecropin P1 with phospholipid vesicles.},
 volume = {34},
 year = {1995}
}

@article{Gifford2005,
 author = {Gifford, J. L. and Hunter, H. N. and Vogel, H. J.},
 doi = {10.1007/s00018-005-5373-z},
 journal = {Cellular and Molecular Life Sciences},
 number = {22},
 pages = {2588--2598},
 title = {Lactoferricin},
 volume = {62},
 year = {2005}
}

@article{Glukhov2005,
 author = {Glukhov, Evgenia and Stark, Margareta and Burrows, Lori L and Deber, Charles M},
 doi = {10.1074/jbc.M507042200},
 journal = {The Journal of biological chemistry},
 number = {40},
 pages = {33960--7},
 publisher = {American Society for Biochemistry and Molecular Biology},
 title = {Basis for selectivity of cationic antimicrobial peptides for bacterial versus mammalian membranes.},
 volume = {280},
 year = {2005}
}

@article{Gomes2018,
 author = {Gomes, Bárbara and Augusto, Marcelo T. and Felício, Mário R. and Hollmann, Axel and Franco, Octávio L. and Gonçalves, Sónia and Santos, Nuno C.},
 doi = {10.1016/J.BIOTECHADV.2018.01.004},
 journal = {Biotechnology Advances},
 number = {2},
 pages = {415--429},
 publisher = {Elsevier},
 title = {Designing improved active peptides for therapeutic approaches against infectious diseases},
 volume = {36},
 year = {2018}
}

@article{Gonzalez2008,
 author = {Gonzalez, Maykel and Teran, Carmen and Saiz-Urra, Liane and Teijeira, Marta},
 doi = {10.2174/156802608786786552},
 journal = {Current Topics in Medicinal Chemistry},
 number = {18},
 pages = {1606--1627},
 title = {Variable Selection Methods in QSAR: An Overview},
 volume = {8},
 year = {2008}
}

@article{Gordon2000,
 author = {Gordon, E. and Mouz, N. and Duée, E. and Dideberg, O.},
 doi = {10.1006/JMBI.2000.3740},
 journal = {Journal of Molecular Biology},
 number = {2},
 pages = {477--485},
 publisher = {Academic Press},
 title = {The crystal structure of the penicillin-binding protein 2x from Streptococcus pneumoniae and its acyl-enzyme form: implication in drug resistance},
 volume = {299},
 year = {2000}
}

@article{Grieco2011,
 author = {Grieco, Paolo and Luca, Vincenzo and Auriemma, Luigia and Carotenuto, Alfonso and Saviello, Maria Rosaria and Campiglia, Pietro and Barra, Donatella and Novellino, Ettore and Mangoni, Maria Luisa},
 doi = {10.1002/psc.1350},
 journal = {Journal of Peptide Science},
 number = {5},
 pages = {358--365},
 title = {Alanine scanning analysis and structure-function relationships of the frog-skin antimicrobial peptide temporin-1Ta},
 volume = {17},
 year = {2011}
}

@article{Groisman1992,
 author = {Groisman, E A and Parra-Lopez, C and Salcedo, M and Lipps, C J and Heffron, F},
 doi = {10.1073/PNAS.89.24.11939},
 journal = {Proceedings of the National Academy of Sciences of the United States of America},
 number = {24},
 pages = {11939},
 publisher = {National Academy of Sciences},
 title = {Resistance to host antimicrobial peptides is necessary for Salmonella virulence.},
 volume = {89},
 year = {1992}
}

@article{Guilhelmelli2013,
 author = {Guilhelmelli, F. and Vilela, N. and Albuquerque, P. and Derengowski, L. da S. and Silva-Pereira, I. and Kyaw, C. M.},
 doi = {10.3389/fmicb.2013.00353},
 journal = {Frontiers in microbiology},
 keywords = {antimicrobial peptides,bacterial,mechanism of action,mechanism of resistance,membrane permeability and intracellular targets},
 pages = {353},
 publisher = {Frontiers Media SA},
 title = {Antibiotic development challenges: the various mechanisms of action of antimicrobial peptides and of bacterial resistance.},
 volume = {4},
 year = {2013}
}

@article{Gunn1998,
 author = {Gunn, J S and Lim, K B and Krueger, J and Kim, K and Guo, L and Hackett, M and Miller, S I},
 doi = {10.1046/J.1365-2958.1998.00757.X},
 journal = {Molecular microbiology},
 number = {6},
 pages = {1171--82},
 title = {PmrA-PmrB-regulated genes necessary for 4-aminoarabinose lipid A modification and polymyxin resistance.},
 volume = {27},
 year = {1998}
}

@article{Guo1998,
 author = {Guo, L and Lim, K B and Poduje, C M and Daniel, M and Gunn, J S and Hackett, M and Miller, S I},
 journal = {Cell},
 number = {2},
 pages = {189--98},
 title = {Lipid A acylation and bacterial resistance against vertebrate antimicrobial peptides.},
 volume = {95},
 year = {1998}
}

@article{Habibi2016,
 author = {Habibi, Neda and Kamaly, Nazila and Memic, Adnan and Shafiee, Hadi},
 doi = {10.1016/J.NANTOD.2016.02.004},
 journal = {Nano Today},
 number = {1},
 pages = {41--60},
 publisher = {Elsevier},
 title = {Self-assembled peptide-based nanostructures: Smart nanomaterials toward targeted drug delivery},
 volume = {11},
 year = {2016}
}

@article{Hallock2003,
 author = {Hallock, Kevin J and Lee, Dong-Kuk and Ramamoorthy, A},
 doi = {10.1016/S0006-3495(03)70031-9},
 journal = {Biophysical journal},
 number = {5},
 pages = {3052--60},
 publisher = {The Biophysical Society},
 title = {MSI-78, an analogue of the magainin antimicrobial peptides, disrupts lipid bilayer structure via positive curvature strain.},
 volume = {84},
 year = {2003}
}

@article{Hancock2006,
 author = {Hancock, Robert E W and Sahl, Hans-Georg},
 doi = {10.1038/nbt1267},
 journal = {Nature Biotechnology},
 number = {12},
 pages = {1551--1557},
 title = {Antimicrobial and host-defense peptides as new anti-infective therapeutic strategies},
 volume = {24},
 year = {2006}
}

@article{He1995,
 author = {He, K and Ludtke, S J and Huang, H W and Worcester, D L},
 journal = {Biochemistry},
 number = {48},
 pages = {15614--8},
 title = {Antimicrobial peptide pores in membranes detected by neutron in-plane scattering.},
 volume = {34},
 year = {1995}
}

@article{Hifumi2017,
 author = {Hifumi, Toru and Yamamoto, Akihiko and Ato, Manabu and Sawabe, Kyoko and Morokuma, Kazunori and Morine, Nobuya and Kondo, Yutaka and Noda, Eiichiro and Sakai, Atsushi and Takahashi, Jin and Umezawa, Kazuo},
 doi = {10.2302/kjm.2016-0017-IR},
 journal = {The Keio Journal of Medicine},
 keywords = {antivenom,critical care,envenomation,passive immunization,serum therapy},
 number = {4},
 pages = {57--64},
 title = {Clinical Serum Therapy: Benefits, Cautions, and Potential Applications},
 volume = {66},
 year = {2017}
}

@article{Hilpert2006,
 author = {Hilpert, Kai and Elliott, Melissa R. and Volkmer-Engert, Rudolf and Henklein, Peter and Donini, Oreola and Zhou, Qun and Winkler, Dirk F.H. and Hancock, Robert E.W.},
 doi = {10.1016/j.chembiol.2006.08.014},
 journal = {Chemistry & Biology},
 number = {10},
 pages = {1101--1107},
 title = {Sequence Requirements and an Optimization Strategy for Short Antimicrobial Peptides},
 volume = {13},
 year = {2006}
}

@article{Hilpert2005,
 author = {Hilpert, Kai and Volkmer-Engert, Rudolf and Walter, Tess and Hancock, Robert E W},
 doi = {10.1038/nbt1113},
 journal = {Nature Biotechnology},
 number = {8},
 pages = {1008--1012},
 title = {High-throughput generation of small antibacterial peptides with improved activity},
 volume = {23},
 year = {2005}
}

@article{Hirakawa2004,
 author = {Hirakawa, H. and Inazumi, Y. and Masaki, T. and Hirata, T. and Yamaguchi, A.},
 doi = {10.1111/j.1365-2958.2004.04449.x},
 journal = {Molecular Microbiology},
 number = {4},
 pages = {1113--1126},
 title = {Indole induces the expression of multidrug exporter genes in Escherichia coli},
 volume = {55},
 year = {2004}
}

@article{Hollmann2018,
 author = {Hollmann, Axel and Martinez, Melina and Maturana, Patricia and Semorile, Liliana C. and Maffia, Paulo C.},
 doi = {10.3389/fchem.2018.00204},
 journal = {Frontiers in Chemistry},
 keywords = {Model membranes,antimicrobial peptides,biophysical tools,peptide-membrane interaction,synergistic effect},
 pages = {204},
 publisher = {Frontiers},
 title = {Antimicrobial Peptides: Interaction With Model and Biological Membranes and Synergism With Chemical Antibiotics},
 volume = {6},
 year = {2018}
}

@article{Hsu2014,
 author = {Hsu, Patrick D and Lander, Eric S and Zhang, Feng},
 doi = {10.1016/j.cell.2014.05.010},
 journal = {Cell},
 number = {6},
 pages = {1262--78},
 publisher = {NIH Public Access},
 title = {Development and applications of CRISPR-Cas9 for genome engineering.},
 volume = {157},
 year = {2014}
}

@article{Hu2012,
 author = {Hu, R.-M. and Liao, S.-T. and Huang, C.-C. and Huang, Y.-W. and Yang, T.-C.},
 doi = {10.1371/journal.pone.0051053},
 editor = {Charbit, Alain},
 journal = {PLoS ONE},
 number = {12},
 pages = {e51053},
 publisher = {Public Library of Science},
 title = {An Inducible Fusaric Acid Tripartite Efflux Pump Contributes to the Fusaric Acid Resistance in Stenotrophomonas maltophilia},
 volume = {7},
 year = {2012}
}

@article{Huang2010,
 author = {Huang, Yibing and Huang, Jinfeng and Chen, Yuxin},
 doi = {10.1007/s13238-010-0004-3},
 journal = {Protein & Cell},
 number = {2},
 pages = {143--152},
 title = {Alpha-helical cationic antimicrobial peptides: relationships of structure and function},
 volume = {1},
 year = {2010}
}

@article{Hughes2005,
 author = {Hughes, Gareth A.},
 doi = {10.1016/J.NANO.2004.11.009},
 journal = {Nanomedicine: Nanotechnology, Biology and Medicine},
 number = {1},
 pages = {22--30},
 publisher = {Elsevier},
 title = {Nanostructure-mediated drug delivery},
 volume = {1},
 year = {2005}
}

@article{Hwang1998,
 author = {Hwang, Peter M. and Zhou, Ning and Shan, Xi and Arrowsmith, Cheryl H. and Vogel, Hans J.},
 doi = {10.1021/bi972323m},
 journal = {Biochemistry},
 number = {12},
 pages = {4288--4298},
 title = {Three-Dimensional Solution Structure of Lactoferricin B, an Antimicrobial Peptide Derived from Bovine Lactoferrin},
 volume = {37},
 year = {1998}
}

@article{Ingolfsson2014,
 author = {Ingólfsson, Helgi I. and Melo, Manuel N. and van Eerden, Floris J. and Arnarez, Clément and Lopez, Cesar A. and Wassenaar, Tsjerk A. and Periole, Xavier and de Vries, Alex H. and Tieleman, D. Peter and Marrink, Siewert J.},
 doi = {10.1021/ja507832e},
 journal = {Journal of the American Chemical Society},
 number = {41},
 pages = {14554--14559},
 publisher = {American Chemical Society},
 title = {Lipid Organization of the Plasma Membrane},
 volume = {136},
 year = {2014}
}

@article{Jahani2015,
 author = {Jahani, Somayeh and Shakiba, Amin and Jahani, Leila},
 doi = {10.17795/iji27594},
 journal = {International Journal of Infection},
 number = {3},
 publisher = {Kowsar},
 title = {The Antimicrobial Effect of Lactoferrin on Gram-Negative and Gram-Positive Bacteria},
 volume = {2},
 year = {2015}
}

@misc{Jain2016,
 author = {Jain, Sanjay and Edwards, Michael J.},
 title = {Advances and challenges in the development of drug delivery systems - A European perspective},
 year = {2016}
}

@article{Jain2017,
 author = {Jain, Sapna and Pillai, Jonathan},
 doi = {10.2147/IJN.S137368},
 journal = {International journal of nanomedicine},
 keywords = {bacteria,bioengineering,drug delivery,immune system,membrane vesicles,vaccine},
 pages = {6329--6341},
 publisher = {Dove Press},
 title = {Bacterial membrane vesicles as novel nanosystems for drug delivery.},
 volume = {12},
 year = {2017}
}

@article{dbAMP,
 author = {Jhong, Jhih-Hua and Chi, Yu-Hsiang and Li, Wen-Chi and Lin, Tsai-Hsuan and Huang, Kai-Yao and Lee, Tzong-Yi},
 doi = {10.1093/nar/gky1030},
 journal = {Nucleic Acids Research},
 keywords = {amino acids,antibiotics,antimicrobials,datasets,massively-parallel genome sequencing,microorganisms,peptides,proteome,verification},
 number = {D1},
 pages = {D285--D297},
 publisher = {Narnia},
 title = {dbAMP: an integrated resource for exploring antimicrobial peptides with functional activities and physicochemical properties on transcriptome and proteome data},
 volume = {47},
 year = {2019}
}

@article{Jiang2012,
 author = {Jiang, Qiao and Song, Chen and Nangreave, Jeanette and Liu, Xiaowei and Lin, Lin and Qiu, Dengli and Wang, Zhen-Gang and Zou, Guozhang and Liang, Xingjie and Yan, Hao and Ding, Baoquan},
 doi = {10.1021/ja304263n},
 journal = {Journal of the American Chemical Society},
 number = {32},
 pages = {13396--13403},
 publisher = {American Chemical Society},
 title = {DNA Origami as a Carrier for Circumvention of Drug Resistance},
 volume = {134},
 year = {2012}
}

@article{Jiang2011,
 author = {Jiang, Ziqing and Vasil, Adriana I. and Gera, Lajos and Vasil, Michael L. and Hodges, Robert S.},
 doi = {10.1111/j.1747-0285.2011.01086.x},
 journal = {Chemical Biology & Drug Design},
 number = {4},
 pages = {225--240},
 title = {Rational Design of $α$-Helical Antimicrobial Peptides to Target Gram-negative Pathogens, \emphAcinetobacter baumannii and \emphPseudomonas aeruginosa: Utilization of Charge, `Specificity Determinants', Total Hydrophobicity, Hydrophobe Type and Location as Design Parameters to Improve the Therapeutic Ratio},
 volume = {77},
 year = {2011}
}

@article{Jin2004,
 author = {Jin, Tao and Bokarewa, Maria and Foster, Timothy and Mitchell, Jennifer and Higgins, Judy and Tarkowski, Andrej},
 doi = {10.4049/JIMMUNOL.172.2.1169},
 journal = {The Journal of Immunology},
 number = {2},
 pages = {1169--1176},
 publisher = {American Association of Immunologists},
 title = {Staphylococcus aureus Resists Human Defensins by Production of Staphylokinase, a Novel Bacterial Evasion Mechanism},
 volume = {172},
 year = {2004}
}

@article{Jolivet-Gougeon2014,
 author = {Jolivet-Gougeon, Anne and Bonnaure-Mallet, Martine},
 doi = {10.1016/j.ddtec.2014.02.003},
 journal = {Drug Discovery Today: Technologies},
 pages = {49--56},
 title = {Biofilms as a mechanism of bacterial resistance},
 volume = {11},
 year = {2014}
}

@article{Joo2016,
 author = {Joo, Hwang-Soo and Fu, Chih-Iung and Otto, Michael},
 doi = {10.1098/rstb.2015.0292},
 journal = {Philosophical transactions of the Royal Society of London. Series B, Biological sciences},
 keywords = {Staphylococcus,antimicrobial peptides,bacterial resistance},
 number = {1695},
 publisher = {The Royal Society},
 title = {Bacterial strategies of resistance to antimicrobial peptides.},
 volume = {371},
 year = {2016}
}

@article{Joo2012,
 author = {Joo, Hwang-Soo and Otto, Michael},
 doi = {10.1016/j.chembiol.2012.10.022},
 journal = {Chemistry & Biology},
 number = {12},
 pages = {1503--1513},
 title = {Molecular Basis of In Vivo Biofilm Formation by Bacterial Pathogens},
 volume = {19},
 year = {2012}
}

@article{Juhas2015,
 author = {Juhas, Mario},
 doi = {10.3109/1040841X.2013.804031},
 journal = {Critical Reviews in Microbiology},
 number = {1},
 pages = {101--108},
 title = {Horizontal gene transfer in human pathogens},
 volume = {41},
 year = {2015}
}

@online{phage,
 author = {Jun Kim},
 title = {Phage as a Therapeutic Agent},
 urldate = {2019-06-29}
}

@article{Kagan1990,
 author = {Kagan, B. L. and Selsted, M. E. and Ganz, T. and Lehrer, R. I.},
 doi = {10.1073/pnas.87.1.210},
 journal = {Proceedings of the National Academy of Sciences},
 number = {1},
 pages = {210--214},
 title = {Antimicrobial defensin peptides form voltage-dependent ion-permeable channels in planar lipid bilayer membranes.},
 volume = {87},
 year = {1990}
}

@article{Kang2017,
 author = {Kang, Hee-Kyoung and Kim, Cheolmin and Seo, Chang Ho and Park, Yoonkyung},
 doi = {10.1007/s12275-017-6452-1},
 journal = {Journal of Microbiology},
 number = {1},
 pages = {1--12},
 publisher = {The Microbiological Society of Korea},
 title = {The therapeutic applications of antimicrobial peptides (AMPs): a patent review},
 volume = {55},
 year = {2017}
}

@article{Kapoor2017,
 author = {Kapoor, Garima and Saigal, Saurabh and Elongavan, Ashok},
 doi = {10.4103/joacp.JOACP_349_15},
 journal = {Journal of anaesthesiology, clinical pharmacology},
 keywords = {Antibiotics,antimicrobial resistance,bacterial cell wall,mechanism of action},
 number = {3},
 pages = {300--305},
 publisher = {Wolters Kluwer -- Medknow Publications},
 title = {Action and resistance mechanisms of antibiotics: A guide for clinicians.},
 volume = {33},
 year = {2017}
}

@article{Katayama2000,
 author = {Katayama, Y. and Ito, T. and Hiramatsu, K.},
 doi = {10.1128/aac.44.6.1549-1555.2000},
 journal = {Antimicrobial agents and chemotherapy},
 number = {6},
 pages = {1549--55},
 title = {A new class of genetic element, staphylococcus cassette chromosome mec, encodes methicillin resistance in Staphylococcus aureus.},
 volume = {44},
 year = {2000}
}

@book{Kawakatsu2004,
 author = {Kawakatsu, Toshihiro.},
 pages = {216},
 publisher = {Springer Berlin Heidelberg},
 title = {Statistical Physics of Polymers : an Introduction},
 year = {2004}
}

@article{Khandelia2005,
 author = {Khandelia, Himanshu and Kaznessis, Yiannis N.},
 doi = {10.1016/j.peptides.2005.03.058},
 journal = {Peptides},
 number = {11},
 pages = {2037--2049},
 title = {Molecular dynamics simulations of helical antimicrobial peptides in SDS micelles: What do point mutations achieve?},
 volume = {26},
 year = {2005}
}

@article{Kim2013,
 author = {Kim, C. and Mwangi, M. and Chung, M. and Milheirço, C. and de Lencastre, H. and Tomasz, A.},
 doi = {10.1371/journal.pone.0082814},
 editor = {Otto, Michael},
 journal = {PLoS ONE},
 number = {12},
 pages = {e82814},
 publisher = {Public Library of Science},
 title = {The Mechanism of Heterogeneous Beta-Lactam Resistance in MRSA: Key Role of the Stringent Stress Response},
 volume = {8},
 year = {2013}
}

@article{King2014,
 author = {King, Neil P and Bale, Jacob B and Sheffler, William and Mcnamara, Dan E and Gonen, Shane and Gonen, Tamir and Yeates, Todd O and Baker, David},
 doi = {10.1038/nature13404},
 journal = {Nature},
 keywords = {proteinSA_design},
 title = {Accurate design of co-assembling multi-component protein nanomaterials},
 volume = {510},
 year = {2014}
}

@article{Kirkpatrick1971,
 author = {Kirkpatrick, C. H. and Green, I. and Rich, R. R. and Schade, A. L.},
 doi = {10.1093/infdis/124.6.539},
 journal = {Journal of Infectious Diseases},
 number = {6},
 pages = {539--544},
 publisher = {Narnia},
 title = {Inhibition of Growth of Candida albicans by Iron-Unsaturated Lactoferrin: Relation to Host-Defense Mechanisms in Chronic Mucocutaneous Candidiasis},
 volume = {124},
 year = {1971}
}

@article{Klein2009,
 author = {Klein, Stefanie and Lorenzo, Carlos and Hoffmann, Sonja and Walther, Johannes M. and Storbeck, Sonja and Piekarski, Tanja and Tindall, Bryan J. and Wray, Victor and Nimtz, Manfred and Moser, Jürgen},
 doi = {10.1111/j.1365-2958.2008.06562.x},
 journal = {Molecular Microbiology},
 number = {3},
 pages = {551--565},
 publisher = {John Wiley & Sons, Ltd (10.1111)},
 title = {Adaptation of \emphPseudomonas aeruginosa to various conditions includes tRNA-dependent formation of alanyl-phosphatidylglycerol},
 volume = {71},
 year = {2009}
}

@article{Kojima2013,
 author = {Kojima, S. and Nikaido, H.},
 doi = {10.1073/pnas.1310333110},
 journal = {Proceedings of the National Academy of Sciences},
 keywords = {AcrB,OmpC},
 number = {28},
 pages = {E2629--E2634},
 title = {Permeation rates of penicillins indicate that Escherichia coli porins function principally as nonspecific channels},
 volume = {110},
 year = {2013}
}

@article{Krol2012,
 author = {Krol, Silke},
 doi = {10.1016/J.JCONREL.2012.04.044},
 journal = {Journal of Controlled Release},
 number = {2},
 pages = {145--155},
 publisher = {Elsevier},
 title = {Challenges in drug delivery to the brain: Nature is against us},
 volume = {164},
 year = {2012}
}

@article{Kumar2014,
 author = {Kumar, N. and Radhakrishnan, A. and Wright, C. C. and Chou, T.-H. and Lei, H.-T. and Bolla, J. R. and Tringides, M. L. and Rajashankar, K. R. and Su, C.-C. and Purdy, G. E. and Yu, E. W.},
 doi = {10.1002/pro.2424},
 journal = {Protein Science},
 keywords = {Mycobacterium tuberculosis,Rv1219c multidrug efflux regulator,multidrug resistance,transcriptional regulation},
 number = {4},
 pages = {423--432},
 title = {Crystal structure of the transcriptional regulator Rv1219c of \textlessi\textgreaterMycobacterium tuberculosis\textless/i\textgreater},
 volume = {23},
 year = {2014}
}

@article{Kumariya2015,
 author = {Kumariya, Rashmi and Sood, Shiv K and Rajput, Yudhishthir S and Saini, Neha and Garsa, Anita K},
 doi = {10.1016/j.bbamem.2015.03.007},
 journal = {Biochimica et biophysica acta},
 number = {6},
 pages = {1367--75},
 title = {Increased membrane surface positive charge and altered membrane fluidity leads to cationic antimicrobial peptide resistance in Enterococcus faecalis.},
 volume = {1848},
 year = {2015}
}

@article{Kurrikoff2016,
 author = {Kurrikoff, Kaido and Gestin, Maxime and Langel, Ülo},
 doi = {10.1517/17425247.2016.1125879},
 journal = {Expert Opinion on Drug Delivery},
 keywords = {Activatable CPP,CPP,cell penetrating peptides,drug delivery vectors,in vivo delivery vectors,peptide vectors},
 number = {3},
 pages = {373--387},
 publisher = {Taylor & Francis},
 title = {Recent \emphin vivo advances in cell-penetrating peptide-assisted drug delivery},
 volume = {13},
 year = {2016}
}

@article{Ladokhin2001,
 author = {Ladokhin, Alexey S and White, Stephen H},
 doi = {10.1016/S0005-2736(01)00382-0},
 journal = {Biochimica et Biophysica Acta (BBA) - Biomembranes},
 number = {2},
 pages = {253--260},
 publisher = {Elsevier},
 title = {`Detergent-like' permeabilization of anionic lipid vesicles by melittin},
 volume = {1514},
 year = {2001}
}

@article{Lai2009,
 author = {Lai, Yuping and Gallo, Richard L.},
 doi = {10.1016/J.IT.2008.12.003},
 journal = {Trends in Immunology},
 number = {3},
 pages = {131--141},
 publisher = {Elsevier Current Trends},
 title = {AMPed up immunity: how antimicrobial peptides have multiple roles in immune defense},
 volume = {30},
 year = {2009}
}

@article{Lammers2009,
 author = {Lammers, Twan and Subr, Vladimir and Ulbrich, Karel and Peschke, Peter and Huber, Peter E. and Hennink, Wim E. and Storm, Gert},
 doi = {10.1016/j.biomaterials.2009.02.040},
 journal = {Biomaterials},
 number = {20},
 pages = {3466--3475},
 title = {Simultaneous delivery of doxorubicin and gemcitabine to tumors in vivo using prototypic polymeric drug carriers},
 volume = {30},
 year = {2009}
}

@article{antiBP2,
 author = {Lata, Sneh and Mishra, Nitish K and Raghava, Gajendra PS},
 doi = {10.1186/1471-2105-11-S1-S19},
 journal = {BMC Bioinformatics},
 keywords = {Algorithms,Bioinformatics,Combinatorial Libraries,Computational Biology/Bioinformatics,Computer Appl. in Life Sciences,Microarrays},
 number = {Suppl 1},
 pages = {S19},
 publisher = {BioMed Central},
 title = {AntiBP2: improved version of antibacterial peptide prediction},
 volume = {11},
 year = {2010}
}

@article{Lauer2017,
 author = {Lauer, Katharina B. and Borrow, Ray and Blanchard, Thomas J.},
 doi = {10.1128/CVI.00298-16},
 journal = {Clinical and Vaccine Immunology},
 number = {1},
 pages = {e00298--16},
 publisher = {American Society for Microbiology},
 title = {Multivalent and Multipathogen Viral Vector Vaccines},
 volume = {24},
 year = {2017}
}

@article{Lavigne2013,
 author = {Lavigne, J.-P. and Sotto, A. and Nicolas-Chanoine, M.-H. and Bouziges, N. and Pagès, J.-M. and Davin-Regli, A.},
 doi = {10.1016/j.ijantimicag.2012.10.010},
 journal = {International Journal of Antimicrobial Agents},
 number = {2},
 pages = {130--136},
 title = {An adaptive response of Enterobacter aerogenes to imipenem: regulation of porin balance in clinical isolates},
 volume = {41},
 year = {2013}
}

@article{Lawler2017,
 author = {Lawler, Sean E. and Speranza, Maria-Carmela and Cho, Choi-Fong and Chiocca, E. Antonio},
 doi = {10.1001/jamaoncol.2016.2064},
 journal = {JAMA Oncology},
 number = {6},
 pages = {841},
 title = {Oncolytic Viruses in Cancer Treatment},
 volume = {3},
 year = {2017}
}

@article{Lee2017,
 author = {Lee, Ernest Y. and Lee, Michelle W. and Fulan, Benjamin M. and Ferguson, Andrew L. and Wong, Gerard C. L.},
 doi = {10.1098/rsfs.2016.0153},
 journal = {Interface Focus},
 keywords = {amphiphilic peptides,antimicrobial peptides,machine learning,membrane curvature},
 number = {6},
 pages = {20160153},
 publisher = {The Royal Society},
 title = {What can machine learning do for antimicrobial peptides, and what can antimicrobial peptides do for machine learning?},
 volume = {7},
 year = {2017}
}

@article{Lee2004,
 author = {Lee, Ming-Tao and Chen, Fang-Yu and Huang, Huey W.},
 doi = {10.1021/bi036153r},
 journal = {Biochemistry},
 number = {12},
 pages = {3590--3599},
 title = {Energetics of Pore Formation Induced by Membrane Active Peptides},
 volume = {43},
 year = {2004}
}

@article{Lehrer2004,
 author = {Lehrer, Robert I.},
 doi = {10.1038/nrmicro976},
 journal = {Nature Reviews Microbiology},
 number = {9},
 pages = {727--738},
 title = {Primate defensins},
 volume = {2},
 year = {2004}
}

@article{Lewenza2005,
 author = {Lewenza, S.},
 doi = {10.1101/gr.3513905},
 journal = {Genome Research},
 number = {4},
 pages = {583--589},
 title = {Construction of a mini-Tn5-luxCDABE mutant library in Pseudomonas aeruginosa PAO1: A tool for identifying differentially regulated genes},
 volume = {15},
 year = {2005}
}

@article{Liechty2010,
 author = {Liechty, William B and Kryscio, David R and Slaughter, Brandon V and Peppas, Nicholas A},
 doi = {10.1146/annurev-chembioeng-073009-100847},
 journal = {Annual review of chemical and biomolecular engineering},
 pages = {149--73},
 publisher = {NIH Public Access},
 title = {Polymers for drug delivery systems.},
 volume = {1},
 year = {2010}
}

@article{Lin2016,
 author = {Lin, Ti-Yu and Weibel, Douglas B.},
 doi = {10.1007/s00253-016-7468-x},
 journal = {Applied Microbiology and Biotechnology},
 number = {10},
 pages = {4255--4267},
 publisher = {Springer Berlin Heidelberg},
 title = {Organization and function of anionic phospholipids in bacteria},
 volume = {100},
 year = {2016}
}

@article{Linko2015,
 author = {Linko, Veikko and Ora, Ari and Kostiainen, Mauri A.},
 doi = {10.1016/J.TIBTECH.2015.08.001},
 journal = {Trends in Biotechnology},
 number = {10},
 pages = {586--594},
 publisher = {Elsevier Current Trends},
 title = {DNA Nanostructures as Smart Drug-Delivery Vehicles and Molecular Devices},
 volume = {33},
 year = {2015}
}

@article{Liu2018,
 author = {Liu, Shicai and Bao, Jingxiao and Lao, Xingzhen and Zheng, Heng},
 doi = {10.1038/s41598-018-29566-5},
 journal = {Scientific Reports},
 keywords = {Machine learning,Protein design},
 number = {1},
 pages = {11189},
 publisher = {Nature Publishing Group},
 title = {Novel 3D Structure Based Model for Activity Prediction and Design of Antimicrobial Peptides},
 volume = {8},
 year = {2018}
}

@article{Livermore2008,
 author = {Livermore, D.M.},
 doi = {10.1111/j.1469-0691.2007.01857.x},
 journal = {Clinical Microbiology and Infection},
 pages = {3--10},
 title = {Defining an extended-spectrum $β$-lactamase},
 volume = {14},
 year = {2008}
}

@article{Llobet2008,
 author = {Llobet, E. and Tomas, J. M. and Bengoechea, J. A},
 doi = {10.1099/mic.0.2008/022301-0},
 journal = {Microbiology},
 number = {12},
 pages = {3877--3886},
 title = {Capsule polysaccharide is a bacterial decoy for antimicrobial peptides},
 volume = {154},
 year = {2008}
}

@article{Lobo2009,
 author = {Lobo, Francisco P. and Mota, Bruno E. F. and Pena, Sérgio D. J. and Azevedo, Vasco and Macedo, Andréa M. and Tauch, Andreas and Machado, Carlos R. and Franco, Glória R.},
 doi = {10.1371/journal.pone.0006282},
 editor = {Coffey, Lark L.},
 journal = {PLoS ONE},
 number = {7},
 pages = {e6282},
 publisher = {Public Library of Science},
 title = {Virus-Host Coevolution: Common Patterns of Nucleotide Motif Usage in Flaviviridae and Their Hosts},
 volume = {4},
 year = {2009}
}

@article{Long2006,
 author = {Long, K. S. and Poehlsgaard, J. and Kehrenberg, C. and Schwarz, S. and Vester, B.},
 doi = {10.1128/AAC.00131-06},
 journal = {Antimicrobial Agents and Chemotherapy},
 number = {7},
 pages = {2500--2505},
 title = {The Cfr rRNA Methyltransferase Confers Resistance to Phenicols, Lincosamides, Oxazolidinones, Pleuromutilins, and Streptogramin A Antibiotics},
 volume = {50},
 year = {2006}
}

@article{Loose2006,
 author = {Loose, Christopher and Jensen, Kyle and Rigoutsos, Isidore and Stephanopoulos, Gregory},
 doi = {10.1038/nature05233},
 journal = {Nature},
 number = {7113},
 pages = {867--869},
 title = {A linguistic model for the rational design of antimicrobial peptides},
 volume = {443},
 year = {2006}
}

@article{Loutet2006,
 author = {Loutet, Slade A and Flannagan, Ronald S and Kooi, Cora and Sokol, Pamela A and Valvano, Miguel A},
 doi = {10.1128/JB.188.6.2073-2080.2006},
 journal = {Journal of bacteriology},
 number = {6},
 pages = {2073--80},
 publisher = {American Society for Microbiology (ASM)},
 title = {A complete lipopolysaccharide inner core oligosaccharide is required for resistance of Burkholderia cenocepacia to antimicrobial peptides and bacterial survival in vivo.},
 volume = {188},
 year = {2006}
}

@article{Lynch2013,
 author = {Lynch, Joseph P and Clark, Nina M and Zhanel, George G},
 doi = {10.1517/14656566.2013.763030},
 journal = {Expert Opinion on Pharmacotherapy},
 number = {2},
 pages = {199--210},
 title = {Evolution of antimicrobial resistance among Enterobacteriaceae (focus on extended spectrum $β$-lactamases and carbapenemases)},
 volume = {14},
 year = {2013}
}

@article{Ma2012,
 author = {Ma, Yujie and Nolte, Roeland J.M. and Cornelissen, Jeroen J.L.M.},
 doi = {10.1016/J.ADDR.2012.01.005},
 journal = {Advanced Drug Delivery Reviews},
 number = {9},
 pages = {811--825},
 publisher = {Elsevier},
 title = {Virus-based nanocarriers for drug delivery},
 volume = {64},
 year = {2012}
}

@article{Mah2001,
 author = {Mah, T F and O'Toole, G A},
 journal = {Trends in microbiology},
 number = {1},
 pages = {34--9},
 title = {Mechanisms of biofilm resistance to antimicrobial agents.},
 volume = {9},
 year = {2001}
}

@article{Mahlapuu2016,
 author = {Mahlapuu, Margit and Håkansson, Joakim and Ringstad, Lovisa and Björn, Camilla},
 doi = {10.3389/FCIMB.2016.00194},
 journal = {Frontiers in Cellular and Infection Microbiology},
 keywords = {AMP,anti-infectives,antibiotic resistance,antimicrobial peptide,therapeutic agents},
 pages = {194},
 publisher = {Frontiers Media SA},
 title = {Antimicrobial Peptides: An Emerging Category of Therapeutic Agents},
 volume = {6},
 year = {2016}
}

@article{Malanovic2016,
 author = {Malanovic, Nermina},
 doi = {10.1016/J.BBAMEM.2015.11.004},
 journal = {Biochimica et Biophysica Acta (BBA) - Biomembranes},
 number = {5},
 pages = {936--946},
 publisher = {Elsevier},
 title = {Gram-positive bacterial cell envelopes: The impact on the activity of antimicrobial peptides},
 volume = {1858},
 year = {2016}
}

@article{Malay2019,
 author = {Malay, Ali D. and Miyazaki, Naoyuki and Biela, Artur and Chakraborti, Soumyananda and Majsterkiewicz, Karolina and Stupka, Izabela and Kaplan, Craig S. and Kowalczyk, Agnieszka and Piette, Bernard M. A. G. and Hochberg, Georg K. A. and Wu, Di and Wrobel, Tomasz P. and Fineberg, Adam and Kushwah, Manish S. and Kelemen, Mitja and Vavpetič, Primož and Pelicon, Primož and Kukura, Philipp and Benesch, Justin L. P. and Iwasaki, Kenji and Heddle, Jonathan G.},
 doi = {10.1038/s41586-019-1185-4},
 journal = {Nature},
 keywords = {Biomaterials,Cryoelectron microscopy,Protein design,proteins},
 number = {7756},
 pages = {438--442},
 publisher = {Nature Publishing Group},
 title = {An ultra-stable gold-coordinated protein cage displaying reversible assembly},
 volume = {569},
 year = {2019}
}

@article{Malmsten2016,
 author = {Malmsten, Martin},
 journal = {Current topics in medicinal chemistry},
 number = {1},
 pages = {16--24},
 title = {Interactions of Antimicrobial Peptides with Bacterial Membranes and Membrane Components.},
 volume = {16},
 year = {2016}
}

@article{Mantravadi2019,
 author = {Mantravadi, Pavan and Kalesh, Karunakaran and Dobson, Renwick and Hudson, André and Parthasarathy, Anutthaman},
 doi = {10.3390/antibiotics8010008},
 journal = {Antibiotics},
 keywords = {antibiotic targets,antibiotics,antimicrobial materials,microbiome,resistance},
 number = {1},
 pages = {8},
 title = {The Quest for Novel Antimicrobial Compounds: Emerging Trends in Research, Development, and Technologies},
 volume = {8},
 year = {2019}
}

@article{Masaoka2006,
 author = {Masaoka, Yoshie and Tanaka, Yusuke and Kataoka, Makoto and Sakuma, Shinji and Yamashita, Shinji},
 doi = {10.1016/J.EJPS.2006.06.004},
 journal = {European Journal of Pharmaceutical Sciences},
 number = {3-4},
 pages = {240--250},
 publisher = {Elsevier},
 title = {Site of drug absorption after oral administration: Assessment of membrane permeability and luminal concentration of drugs in each segment of gastrointestinal tract},
 volume = {29},
 year = {2006}
}

@article{Mason2005,
 author = {Mason, Kevin M. and Munson, Robert S. and Jr. and Bakaletz, Lauren O.},
 doi = {10.1128/IAI.73.1.599-608.2005},
 journal = {Infection and Immunity},
 number = {1},
 pages = {599},
 publisher = {American Society for Microbiology (ASM)},
 title = {A Mutation in the sap Operon Attenuates Survival of Nontypeable Haemophilus influenzae in a Chinchilla Model of Otitis Media},
 volume = {73},
 year = {2005}
}

@article{Matsuzaki2009,
 author = {Matsuzaki, Katsumi},
 doi = {10.1016/J.BBAMEM.2008.09.013},
 journal = {Biochimica et Biophysica Acta (BBA) - Biomembranes},
 number = {8},
 pages = {1687--1692},
 publisher = {Elsevier},
 title = {Control of cell selectivity of antimicrobial peptides},
 volume = {1788},
 year = {2009}
}

@article{Matsuzaki1996,
 author = {Matsuzaki, Katsumi and Murase, Osamu and Fujii, Nobutaka and Miyajima, Koichiro},
 doi = {10.1021/bi960016v},
 journal = {Biochemistry},
 number = {35},
 pages = {11361--11368},
 title = {An Antimicrobial Peptide, Magainin 2, Induced Rapid Flip-Flop of Phospholipids Coupled with Pore Formation and Peptide Translocation},
 volume = {35},
 year = {1996}
}

@article{Matsuzaki1997,
 author = {Matsuzaki, Katsumi and Sugishita, Ken-ichi and Harada, Mitsunori and Fujii, Nobutaka and Miyajima, Koichiro},
 doi = {10.1016/S0005-2736(97)00051-5},
 journal = {Biochimica et Biophysica Acta (BBA) - Biomembranes},
 number = {1},
 pages = {119--130},
 publisher = {Elsevier},
 title = {Interactions of an antimicrobial peptide, magainin 2, with outer and inner membranes of Gram-negative bacteria},
 volume = {1327},
 year = {1997}
}

@article{Matsuzaki1998,
 author = {Matsuzaki, Katsumi and Sugishita, Ken-ichi and Ishibe, Noriko and Ueha, Mayu and Nakata, Saori and Miyajima, Koichiro and Epand, Richard M.},
 doi = {10.1021/bi980539y},
 journal = {Biochemistry},
 number = {34},
 pages = {11856--11863},
 title = {Relationship of Membrane Curvature to the Formation of Pores by Magainin 2 \textlesssup\textgreater†\textless/sup\textgreater},
 volume = {37},
 year = {1998}
}

@online{poly,
 author = {Mettler Toledo},
 title = {Polymerization Reactions},
 urldate = {2019-06-29}
}

@article{Migon2018,
 author = {Migoń, Dorian and Jaśkiewicz, Maciej and Neubauer, Damian and Bauer, Marta and Sikorska, Emilia and Kamysz, Elżbieta and Kamysz, Wojciech},
 doi = {10.1007/s12602-018-9501-0},
 journal = {Probiotics and Antimicrobial Proteins},
 pages = {1--13},
 publisher = {Springer US},
 title = {Alanine Scanning Studies of the Antimicrobial Peptide Aurein 1.2},
 year = {2018}
}

@article{Mingozzi2011,
 author = {Mingozzi, Federico and High, Katherine A.},
 doi = {10.1038/nrg2988},
 journal = {Nature Reviews Genetics},
 number = {5},
 pages = {341--355},
 title = {Therapeutic in vivo gene transfer for genetic disease using AAV: progress and challenges},
 volume = {12},
 year = {2011}
}

@article{Mitragotri2014,
 author = {Mitragotri, Samir and Burke, Paul A. and Langer, Robert},
 doi = {10.1038/nrd4363},
 journal = {Nature Reviews Drug Discovery},
 keywords = {Biologics,Drug delivery,Peptide delivery,Protein delivery},
 number = {9},
 pages = {655--672},
 publisher = {Nature Publishing Group},
 title = {Overcoming the challenges in administering biopharmaceuticals: formulation and delivery strategies},
 volume = {13},
 year = {2014}
}

@article{Moskowitz2004,
 author = {Moskowitz, Samuel M and Ernst, Robert K and Miller, Samuel I},
 doi = {10.1128/jb.186.2.575-579.2004},
 journal = {Journal of bacteriology},
 number = {2},
 pages = {575--9},
 publisher = {American Society for Microbiology Journals},
 title = {PmrAB, a two-component regulatory system of Pseudomonas aeruginosa that modulates resistance to cationic antimicrobial peptides and addition of aminoarabinose to lipid A.},
 volume = {186},
 year = {2004}
}

@article{Naafs2018,
 author = {Naafs, Michael A B},
 doi = {10.26717/BJSTR.2018.07.001536},
 journal = {Biomedical Journal of Scientific & Technical Research},
 keywords = {Antimicrobial Peptides,Bacteria,Blebbing,Fragmentation,Homology,Inhibitory,Multidrug Resistance,Toxicity,Transmembrane Pores,Vesiculation},
 number = {4},
 pages = {001--005},
 publisher = {biomedres},
 title = {The Antimicrobial Peptides: Ready for Clinical Trials?},
 volume = {7},
 year = {2018}
}

@article{Nair2007,
 author = {Nair, Lakshmi S. and Laurencin, Cato T.},
 doi = {10.1016/J.PROGPOLYMSCI.2007.05.017},
 journal = {Progress in Polymer Science},
 number = {8-9},
 pages = {762--798},
 publisher = {Pergamon},
 title = {Biodegradable polymers as biomaterials},
 volume = {32},
 year = {2007}
}

@article{Naldini2011,
 author = {Naldini, Luigi},
 doi = {10.1038/nrg2985},
 journal = {Nature Reviews Genetics},
 number = {5},
 pages = {301--315},
 title = {Ex vivo gene transfer and correction for cell-based therapies},
 volume = {12},
 year = {2011}
}

@article{Nelson2011,
 author = {Nelson, Daniel C. and Garbe, Julia and Collin, Mattias},
 doi = {10.1515/BC.2011.208},
 journal = {Biological Chemistry},
 number = {12},
 pages = {1077--88},
 title = {Cysteine proteinase SpeB from Streptococcus pyogenes - a potent modifier of immunologically important host and bacterial proteins},
 volume = {392},
 year = {2011}
}

@article{Nguyen2011,
 author = {Nguyen, Leonard T. and Haney, Evan F. and Vogel, Hans J.},
 doi = {10.1016/J.TIBTECH.2011.05.001},
 journal = {Trends in Biotechnology},
 keywords = {p_amp,p_intro},
 number = {9},
 pages = {464--472},
 publisher = {Elsevier Current Trends},
 title = {The expanding scope of antimicrobial peptide structures and their modes of action},
 volume = {29},
 year = {2011}
}

@article{Nguyen2005,
 author = {Nguyen, Leonard T. and Schibli, David J. and Vogel, Hans J.},
 doi = {10.1002/psc.629},
 journal = {Journal of Peptide Science},
 number = {7},
 pages = {379--389},
 title = {Structural studies and model membrane interactions of two peptides derived from bovine lactoferricin},
 volume = {11},
 year = {2005}
}

@article{Nickel1985,
 author = {Nickel, J C and Ruseska, I and Wright, J B and Costerton, J W},
 doi = {10.1128/aac.27.4.619},
 journal = {Antimicrobial agents and chemotherapy},
 number = {4},
 pages = {619--24},
 title = {Tobramycin resistance of Pseudomonas aeruginosa cells growing as a biofilm on urinary catheter material.},
 volume = {27},
 year = {1985}
}

@article{Nicolas2013,
 author = {Nicolas, Julien and Mura, Simona and Brambilla, Davide and Mackiewicz, Nicolas and Couvreur, Patrick},
 doi = {10.1039/C2CS35265F},
 journal = {Chem. Soc. Rev.},
 number = {3},
 pages = {1147--1235},
 publisher = {Royal Society of Chemistry},
 title = {Design, functionalization strategies and biomedical applications of targeted biodegradable/biocompatible polymer-based nanocarriers for drug delivery},
 volume = {42},
 year = {2013}
}

@article{Niewiadomska2019,
 author = {Niewiadomska, A. M. and Jayabalasingham, B. and Seidman, J. C. and Willem, L. and Grenfell, B. and Spiro, D. and Viboud, C.},
 doi = {10.1186/s12916-019-1314-9},
 journal = {BMC Medicine},
 keywords = {Biomedicine,Medicine/Public Health,general},
 number = {1},
 pages = {81},
 publisher = {BioMed Central},
 title = {Population-level mathematical modeling of antimicrobial resistance: a systematic review},
 volume = {17},
 year = {2019}
}

@article{Nikaido2011,
 author = {Nikaido, E. and Shirosaka, I. and Yamaguchi, A. and Nishino, K.},
 doi = {10.1099/mic.0.045757-0},
 journal = {Microbiology},
 number = {3},
 pages = {648--655},
 title = {Regulation of the AcrAB multidrug efflux pump in Salmonella enterica serovar Typhimurium in response to indole and paraquat},
 volume = {157},
 year = {2011}
}

@article{Nikaido2011a,
 author = {Nikaido, E. and Shirosaka, I. and Yamaguchi, A. and Nishino, K.},
 doi = {10.1099/mic.0.045757-0},
 journal = {Microbiology},
 number = {3},
 pages = {648--655},
 title = {Regulation of the AcrAB multidrug efflux pump in Salmonella enterica serovar Typhimurium in response to indole and paraquat},
 volume = {157},
 year = {2011}
}

@article{Nordmann2011,
 author = {Nordmann, Patrice and Poirel, Laurent and Walsh, Timothy R. and Livermore, David M.},
 doi = {10.1016/j.tim.2011.09.005},
 journal = {Trends in Microbiology},
 number = {12},
 pages = {588--595},
 title = {The emerging NDM carbapenemases},
 volume = {19},
 year = {2011}
}

@article{Norris2013,
 author = {Norris, Adrianne L. and Serpersu, Engin H.},
 doi = {10.1002/pro.2273},
 journal = {Protein Science},
 number = {7},
 pages = {916--928},
 title = {Ligand promiscuity through the eyes of the aminoglycoside \emphN 3 acetyltransferase IIa},
 volume = {22},
 year = {2013}
}

@article{Novais2012,
 author = {Novais, Â. and Rodrigues, C. and Branquinho, R. and Antunes, P. and Grosso, F. and Boaventura, L. and Ribeiro, G. and Peixe, L.},
 doi = {10.1007/s10096-012-1665-z},
 journal = {European Journal of Clinical Microbiology & Infectious Diseases},
 number = {11},
 pages = {3057--3063},
 title = {Spread of an OmpK36-modified ST15 Klebsiella pneumoniae variant during an outbreak involving multiple carbapenem-resistant Enterobacteriaceae species and clones},
 volume = {31},
 year = {2012}
}

@article{Oneill2016,
 author = {O ŉeill, Jim},
 title = {TACKLING DRUG-RESISTANT INFECTIONS GLOBALLY: FINAL REPORT AND RECOMMENDATIONS THE REVIEW ON ANTIMICROBIAL RESISTANCE},
 year = {2016}
}

@article{Ogawa2012,
 author = {Ogawa, W. and Onishi, M. and Ni, R. and Tsuchiya, T. and Kuroda, T.},
 doi = {10.1016/j.gene.2012.02.008},
 journal = {Gene},
 number = {2},
 pages = {177--182},
 title = {Functional study of the novel multidrug efflux pump KexD from Klebsiella pneumoniae},
 volume = {498},
 year = {2012}
}

@article{Oldfield1993,
 author = {Oldfield, Edward H. and Ram, Zvi and Culver, Kenneth W. and Blaese, R. Michael and DeVroom, Hetty L. and Anderson, W. French},
 doi = {10.1089/hum.1993.4.1-39},
 journal = {Human Gene Therapy},
 number = {1},
 pages = {39--69},
 title = {Gene Therapy for the Treatment of Brain Tumors Using Intra-Tumoral Transduction with the Thymidine Kinase Gene and Intravenous Ganciclovir. National Institutes of Health},
 volume = {4},
 year = {1993}
}

@article{Oren1998,
 author = {Oren, Ziv and Shai, Yechiel},
 doi = {10.1002/(SICI)1097-0282(1998)47:6<451::AID-BIP4>3.0.CO;2-F},
 journal = {Biopolymers},
 number = {6},
 pages = {451--463},
 title = {Mode of action of linear amphipathic $α$-helical antimicrobial peptides},
 volume = {47},
 year = {1998}
}

@article{Pag2008,
 author = {Pag, U. and Oedenkoven, M. and Sass, V. and Shai, Y. and Shamova, O. and Antcheva, N. and Tossi, A. and Sahl, H.-G.},
 doi = {10.1093/jac/dkm479},
 journal = {Journal of Antimicrobial Chemotherapy},
 keywords = {kinetics,staphylococcus,stress,tissue membrane},
 number = {2},
 pages = {341--352},
 publisher = {Narnia},
 title = {Analysis of in vitro activities and modes of action of synthetic antimicrobial peptides derived from an $α$-helical `sequence template'},
 volume = {61},
 year = {2008}
}

@article{Parra-Lopez1993,
 author = {Parra-Lopez, C and Baer, M T and Groisman, E A},
 journal = {The EMBO journal},
 number = {11},
 pages = {4053--62},
 publisher = {European Molecular Biology Organization},
 title = {Molecular genetic analysis of a locus required for resistance to antimicrobial peptides in Salmonella typhimurium.},
 volume = {12},
 year = {1993}
}

@article{Pattni2015paper,
 author = {Pattni, Bhushan S. and Chupin, Vladimir V. and Torchilin, Vladimir P.},
 doi = {10.1021/acs.chemrev.5b00046},
 journal = {Chemical Reviews},
 number = {19},
 pages = {10938--10966},
 publisher = {American Chemical Society},
 title = {New Developments in Liposomal Drug Delivery},
 volume = {115},
 year = {2015}
}

@incollection{Pattni2015,
 author = {Pattni, Bhushan S. and Torchilin, Vladimir P.},
 doi = {10.1007/978-3-319-11355-5_1},
 pages = {3--38},
 publisher = {Springer, Cham},
 title = {Targeted Drug Delivery Systems: Strategies and Challenges},
 year = {2015}
}

@article{Peschel1999,
 author = {Peschel, A and Otto, M and Jack, R W and Kalbacher, H and Jung, G and Götz, F},
 doi = {10.1074/jbc.274.13.8405},
 journal = {The Journal of biological chemistry},
 number = {13},
 pages = {8405--10},
 publisher = {American Society for Biochemistry and Molecular Biology},
 title = {Inactivation of the dlt operon in Staphylococcus aureus confers sensitivity to defensins, protegrins, and other antimicrobial peptides.},
 volume = {274},
 year = {1999}
}

@article{Peschel2001,
 author = {Peschel, Andreas and Jack, Ralph W. and Otto, Michael and Collins, L. Vincent and Staubitz, Petra and Nicholson, Graeme and Kalbacher, Hubert and Nieuwenhuizen, Willem F. and Jung, Günther and Tarkowski, Andrej and van Kessel, Kok P.M. and van Strijp, Jos A.G.},
 doi = {10.1084/jem.193.9.1067},
 journal = {The Journal of Experimental Medicine},
 number = {9},
 pages = {1067--1076},
 title = {\emphStaphylococcus aureus Resistance to Human Defensins and Evasion of Neutrophil Killing via the Novel Virulence Factor Mprf Is Based on Modification of Membrane Lipids with l-Lysine},
 volume = {193},
 year = {2001}
}

@article{Peschel2006,
 author = {Peschel, Andreas and Sahl, Hans-Georg},
 doi = {10.1038/nrmicro1441},
 journal = {Nature Reviews Microbiology},
 number = {7},
 pages = {529--536},
 title = {The co-evolution of host cationic antimicrobial peptides and microbial resistance},
 volume = {4},
 year = {2006}
}

@article{DBAASP2,
 author = {Pirtskhalava, Malak and Gabrielian, Andrei and Cruz, Phillip and Griggs, Hannah L. and Squires, R. Burke and Hurt, Darrell E. and Grigolava, Maia and Chubinidze, Mindia and Gogoladze, George and Vishnepolsky, Boris and Alekseyev, Vsevolod and Rosenthal, Alex and Tartakovsky, Michael},
 doi = {10.1093/nar/gkw243},
 journal = {Nucleic Acids Research},
 number = {13},
 pages = {6503--6503},
 title = {DBAASP v.2: an enhanced database of structure and antimicrobial/cytotoxic activity of natural and synthetic peptides},
 volume = {44},
 year = {2016}
}

@article{Poulou2013,
 author = {Poulou, A. and Voulgari, E. and Vrioni, G. and Koumaki, V. and Xidopoulos, G. and Chatzipantazi, V. and Markou, F. and Tsakris, A.},
 doi = {10.1128/JCM.01244-13},
 journal = {Journal of Clinical Microbiology},
 number = {10},
 pages = {3176--3182},
 title = {Outbreak Caused by an Ertapenem-Resistant, CTX-M-15-Producing Klebsiella pneumoniae Sequence Type 101 Clone Carrying an OmpK36 Porin Variant},
 volume = {51},
 year = {2013}
}

@article{Qin2012,
 author = {Qin, Shangshang and Wang, Yang and Zhang, Qijing and Chen, Xia and Shen, Zhangqi and Deng, Fengru and Wu, Congming and Shen, Jianzhong},
 doi = {10.1128/AAC.00809-12},
 journal = {Antimicrobial Agents and Chemotherapy},
 number = {10},
 pages = {5332},
 publisher = {American Society for Microbiology (ASM)},
 title = {Identification of a Novel Genomic Island Conferring Resistance to Multiple Aminoglycoside Antibiotics in Campylobacter coli},
 volume = {56},
 year = {2012}
}

@article{Queenan2007,
 author = {Queenan, A. M. and Bush, K.},
 doi = {10.1128/CMR.00001-07},
 journal = {Clinical Microbiology Reviews},
 number = {3},
 pages = {440--458},
 title = {Carbapenemases: the Versatile-Lactamases},
 volume = {20},
 year = {2007}
}

@article{Queenan2010,
 author = {Queenan, A. M. and Shang, W. and Flamm, R. and Bush, K.},
 doi = {10.1128/AAC.01004-09},
 journal = {Antimicrobial Agents and Chemotherapy},
 number = {1},
 pages = {565--569},
 title = {Hydrolysis and Inhibition Profiles of  $β$-Lactamases from Molecular Classes A to D with Doripenem, Imipenem, and Meropenem},
 volume = {54},
 year = {2010}
}

@article{Radzishevsky2005,
 author = {Radzishevsky, Inna S and Rotem, Shahar and Zaknoon, Fadia and Gaidukov, Leonid and Dagan, Arie and Mor, Amram},
 doi = {10.1128/AAC.49.6.2412-2420.2005},
 journal = {Antimicrobial agents and chemotherapy},
 number = {6},
 pages = {2412--20},
 publisher = {American Society for Microbiology (ASM)},
 title = {Effects of acyl versus aminoacyl conjugation on the properties of antimicrobial peptides.},
 volume = {49},
 year = {2005}
}

@article{Raetz2007,
 author = {Raetz, Christian R.H. and Reynolds, C. Michael and Trent, M. Stephen and Bishop, Russell E.},
 doi = {10.1146/annurev.biochem.76.010307.145803},
 journal = {Annual Review of Biochemistry},
 number = {1},
 pages = {295--329},
 title = {Lipid A Modification Systems in Gram-Negative Bacteria},
 volume = {76},
 year = {2007}
}

@article{Rao2018,
 author = {Rao, S Harsha and Harini, B and Shadamarshan, R Pranav Kumar and Balagangadharan, K and Selvamurugan, N},
 doi = {10.1016/j.ijbiomac.2017.09.029},
 journal = {International journal of biological macromolecules},
 keywords = {Bioactive compounds,Bone,Bone Regeneration,Drug delivery,Polymers,Signal Transduction,Signaling pathways,Tissue Scaffolds},
 pages = {88--96},
 title = {Natural and synthetic polymers/bioceramics/bioactive compounds-mediated cell signalling in bone tissue engineering.},
 volume = {110},
 year = {2018}
}

@article{Romo2011,
 author = {Romo, Tod D and Bradney, Laura A and Greathouse, Denise V and Grossfield, Alan},
 doi = {10.1016/j.bbamem.2011.03.017},
 journal = {Biochimica et biophysica acta},
 number = {8},
 pages = {2019--30},
 publisher = {NIH Public Access},
 title = {Membrane binding of an acyl-lactoferricin B antimicrobial peptide from solid-state NMR experiments and molecular dynamics simulations.},
 volume = {1808},
 year = {2011}
}

@article{Rossi2018,
 author = {Rossi, Giuliana and Manfrin, Andrea and Lutolf, Matthias P.},
 doi = {10.1038/s41576-018-0051-9},
 journal = {Nature Reviews Genetics},
 keywords = {Development,Organogenesis,Regenerative medicine,Stem,Stem cells,Tissue engineering,cell biotechnology},
 number = {11},
 pages = {671--687},
 publisher = {Nature Publishing Group},
 title = {Progress and potential in organoid research},
 volume = {19},
 year = {2018}
}

@article{Saar-Dover2012,
 author = {Saar-Dover, Ron and Bitler, Arkadi and Nezer, Ravit and Shmuel-Galia, Liraz and Firon, Arnaud and Shimoni, Eyal and Trieu-Cuot, Patrick and Shai, Yechiel},
 doi = {10.1371/journal.ppat.1002891},
 editor = {Peschel, Andreas},
 journal = {PLoS Pathogens},
 number = {9},
 pages = {e1002891},
 title = {D-Alanylation of Lipoteichoic Acids Confers Resistance to Cationic Peptides in Group B Streptococcus by Increasing the Cell Wall Density},
 volume = {8},
 year = {2012}
}

@article{Santos2017,
 author = {Santos, Rita and Ursu, Oleg and Gaulton, Anna and Bento, A. Patrícia and Donadi, Ramesh S. and Bologa, Cristian G. and Karlsson, Anneli and Al-Lazikani, Bissan and Hersey, Anne and Oprea, Tudor I. and Overington, John P.},
 doi = {10.1038/nrd.2016.230},
 journal = {Nature Reviews Drug Discovery},
 keywords = {Biotechnology,Business strategy in drug development,Clinical trials,Drug development,Drug therapy},
 number = {1},
 pages = {19--34},
 publisher = {Nature Publishing Group},
 title = {A comprehensive map of molecular drug targets},
 volume = {16},
 year = {2017}
}

@article{Schibli1999,
 author = {Schibli, David J. and Hwang, Peter M. and Vogel, Hans J.},
 doi = {10.1016/S0014-5793(99)00214-8},
 journal = {FEBS Letters},
 number = {2-3},
 pages = {213--217},
 title = {The structure of the antimicrobial active center of lactoferricin B bound to sodium dodecyl sulfate micelles},
 volume = {446},
 year = {1999}
}

@article{Schmidt2010,
 author = {Schmidt, Nathan and Mishra, Abhijit and Lai, Ghee Hwee and Wong, Gerard C.L.},
 doi = {10.1016/j.febslet.2009.11.046},
 journal = {FEBS Letters},
 keywords = {Cell,Drug delivery,Membranes,Polyarginine,Protein transduction domain,TAT,penetrating peptides},
 number = {9},
 pages = {1806--1813},
 publisher = {John Wiley & Sons, Ltd},
 title = {Arginine-rich cell-penetrating peptides},
 volume = {584},
 year = {2010}
}

@article{Schmidtchen2002,
 author = {Schmidtchen, Artur and Frick, Inga-Maria and Andersson, Emma and Tapper, Hans and Björck, Lars},
 doi = {10.1046/j.1365-2958.2002.03146.x},
 journal = {Molecular Microbiology},
 number = {1},
 pages = {157--168},
 publisher = {Wiley-Blackwell},
 title = {Proteinases of common pathogenic bacteria degrade and inactivate the antibacterial peptide LL-37},
 volume = {46},
 year = {2002}
}

@article{Schmitt2016,
 author = {Schmitt, Paulina and Rosa, Rafael D. and Destoumieux-Garzón, Delphine},
 doi = {10.1016/j.bbamem.2015.10.011},
 journal = {Biochimica et Biophysica Acta (BBA) - Biomembranes},
 keywords = {Anti-lipopolysaccharide factor,Defensin,Functional diversity,Mechanism of action,Resistance,p_amp,p_intro,p_membrane},
 number = {5},
 pages = {958--970},
 title = {An intimate link between antimicrobial peptide sequence diversity and binding to essential components of bacterial membranes},
 volume = {1858},
 year = {2016}
}

@article{Schoonen2014,
 author = {Schoonen, Lise and van Hest, Jan C. M.},
 doi = {10.1039/C4NR00915K},
 journal = {Nanoscale},
 number = {13},
 pages = {7124--7141},
 publisher = {The Royal Society of Chemistry},
 title = {Functionalization of protein-based nanocages for drug delivery applications},
 volume = {6},
 year = {2014}
}

@article{Selsted1989,
 author = {Selsted, M E and Harwig, S S},
 journal = {The Journal of biological chemistry},
 number = {7},
 pages = {4003--7},
 title = {Determination of the disulfide array in the human defensin HNP-2. A covalently cyclized peptide.},
 volume = {264},
 year = {1989}
}

@article{Serrano2009,
 author = {Serrano, G. N. and Zhanel, G. G. and Schweizer, F.},
 doi = {10.1128/AAC.01100-08},
 journal = {Antimicrobial Agents and Chemotherapy},
 number = {5},
 pages = {2215--2217},
 title = {Antibacterial Activity of Ultrashort Cationic Lipo-$β$-Peptides},
 volume = {53},
 year = {2009}
}

@article{Shai1999,
 author = {Shai, Yechiel},
 doi = {10.1016/S0005-2736(99)00200-X},
 journal = {Biochimica et Biophysica Acta (BBA) - Biomembranes},
 number = {1-2},
 pages = {55--70},
 publisher = {Elsevier},
 title = {Mechanism of the binding, insertion and destabilization of phospholipid bilayer membranes by $α$-helical antimicrobial and cell non-selective membrane-lytic peptides},
 volume = {1462},
 year = {1999}
}

@article{Shau1992,
 author = {Shau, Hungyi and Kim, Anthony and Golub, Sidney H.},
 doi = {10.1002/jlb.51.4.343},
 journal = {Journal of Leukocyte Biology},
 keywords = {cytotoxicity,interleukin 2,lactoferrin,lymphokine‐activated killer cell,natural killer cell},
 number = {4},
 pages = {343--349},
 publisher = {John Wiley & Sons, Ltd},
 title = {Modulation of natural killer and lymphokine-activated killer cell cytotoxicity by lactoferrin},
 volume = {51},
 year = {1992}
}

@article{Shore2011,
 author = {Shore, Anna C. and Deasy, Emily C. and Slickers, Peter and Brennan, Grainne and O'Connell, Brian and Monecke, Stefan and Ehricht, Ralf and Coleman, David C.},
 doi = {10.1128/AAC.00187-11},
 journal = {Antimicrobial Agents and Chemotherapy},
 number = {8},
 pages = {3765--3773},
 title = {Detection of Staphylococcal Cassette Chromosome \emphmec Type XI Carrying Highly Divergent \emphmecA, \emphmecI, \emphmecR1, \emphblaZ, and \emphccr Genes in Human Clinical Isolates of Clonal Complex 130 Methicillin-Resistant \emphStaphylococcus aureus},
 volume = {55},
 year = {2011}
}

@article{Sieprawska-Lupa2004,
 author = {Sieprawska-Lupa, Magdalena and Mydel, Piotr and Krawczyk, Katarzyna and Wójcik, Kinga and Puklo, Magdalena and Lupa, Boguslaw and Suder, Piotr and Silberring, Jerzy and Reed, Matthew and Pohl, Jan and Shafer, William and McAleese, Fionnuala and Foster, Timothy and Travis, Jim and Potempa, Jan},
 doi = {10.1128/AAC.48.12.4673-4679.2004},
 journal = {Antimicrobial agents and chemotherapy},
 number = {12},
 pages = {4673--9},
 publisher = {American Society for Microbiology Journals},
 title = {Degradation of human antimicrobial peptide LL-37 by Staphylococcus aureus-derived proteinases.},
 volume = {48},
 year = {2004}
}

@article{Silhavy2010,
 author = {Silhavy, T. J. and Kahne, D. and Walker, S.},
 doi = {10.1101/cshperspect.a000414},
 journal = {Cold Spring Harbor Perspectives in Biology},
 number = {5},
 pages = {a000414--a000414},
 title = {The Bacterial Cell Envelope},
 volume = {2},
 year = {2010}
}

@article{Silva2013,
 author = {Silva, Rondes F. and Araújo, Daniele R. and Silva, Emerson R. and Ando, Rômulo A. and Alves, Wendel A.},
 doi = {10.1021/la4019162},
 journal = {Langmuir},
 number = {32},
 pages = {10205--10212},
 title = {l-Diphenylalanine Microtubes As a Potential Drug-Delivery System: Characterization, Release Kinetics, and Cytotoxicity},
 volume = {29},
 year = {2013}
}

@article{Singh2018,
 author = {Singh, Priyanka and Pandit, Santosh and Mokkapati, V R S S and Garg, Abhroop and Ravikumar, Vaishnavi and Mijakovic, Ivan},
 doi = {10.3390/ijms19071979},
 journal = {International journal of molecular sciences},
 keywords = {biocompatibility,cancer,clinical trials,drug delivery,gold nanoparticles,photodynamic therapy,photoimaging,photothermal therapy,protein corona,toxicology},
 number = {7},
 publisher = {Multidisciplinary Digital Publishing Institute (MDPI)},
 title = {Gold Nanoparticles in Diagnostics and Therapeutics for Human Cancer.},
 volume = {19},
 year = {2018}
}

@article{Skrabalak2008,
 author = {Skrabalak, Sara E. and Chen, Jingyi and Sun, Yugang and Lu, Xianmao and Au, Leslie and Cobley, Claire M. and Xia, Younan},
 doi = {10.1021/ar800018v},
 journal = {Accounts of Chemical Research},
 number = {12},
 pages = {1587--1595},
 publisher = {American Chemical Society},
 title = {Gold Nanocages: Synthesis, Properties, and Applications},
 volume = {41},
 year = {2008}
}

@article{Smalley2017,
 author = {Smalley, Eric},
 doi = {10.1038/nbt1117-998},
 journal = {Nature Biotechnology},
 number = {11},
 pages = {998--999},
 title = {First AAV gene therapy poised for landmark approval},
 volume = {35},
 year = {2017}
}

@article{Sol2014,
 author = {Sol, Asaf and Skvirsky, Yaniv and Nashef, Rizan and Zelentsova, Katya and Burstyn-Cohen, Tal and Blotnick, Edna and Muhlrad, Andras and Bachrach, Gilad},
 doi = {10.1074/jbc.M114.579672},
 journal = {The Journal of biological chemistry},
 keywords = {Actin,Antimicrobial Peptide (AMP),Host Defense,Protease,Transglutaminase},
 number = {33},
 pages = {22926--41},
 publisher = {American Society for Biochemistry and Molecular Biology},
 title = {Actin enables the antimicrobial action of LL-37 peptide in the presence of microbial proteases.},
 volume = {289},
 year = {2014}
}

@article{Spaar2004,
 author = {Spaar, Alexander and Münster, Christian and Salditt, Tim},
 doi = {10.1529/biophysj.104.040667},
 journal = {Biophysical journal},
 number = {1},
 pages = {396--407},
 publisher = {The Biophysical Society},
 title = {Conformation of peptides in lipid membranes studied by x-ray grazing incidence scattering.},
 volume = {87},
 year = {2004}
}

@article{Spector1985,
 author = {Spector, A. A. and Yorek, M. A.},
 journal = {Journal of lipid research},
 number = {9},
 pages = {1015--35},
 publisher = {American Society for Biochemistry and Molecular Biology},
 title = {Membrane lipid composition and cellular function.},
 volume = {26},
 year = {1985}
}

@article{Strebhardt2008,
 author = {Strebhardt, Klaus and Ullrich, Axel},
 doi = {10.1038/nrc2394},
 journal = {Nature Reviews Cancer},
 number = {6},
 pages = {473--480},
 publisher = {Nature Publishing Group},
 title = {Paul Ehrlich's magic bullet concept: 100 years of progress},
 volume = {8},
 year = {2008}
}

@article{Strempel2014,
 author = {Strempel, Nikola and Strehmel, Janine and Overhage, Joerg},
 doi = {10.2174/1381612820666140905124312},
 journal = {Current Pharmaceutical Design},
 number = {1},
 pages = {67--84},
 title = {Potential Application of Antimicrobial Peptides in the Treatment of Bacterial Biofilm Infections},
 volume = {21},
 year = {2014}
}

@article{Strom2002,
 author = {Strøm, Morten B and Haug, Bengt Erik and Rekdal, Oystein and Skar, Merete L and Stensen, Wenche and Svendsen, John S},
 journal = {Biochemistry and cell biology = Biochimie et biologie cellulaire},
 number = {1},
 pages = {65--74},
 title = {Important structural features of 15-residue lactoferricin derivatives and methods for improvement of antimicrobial activity.},
 volume = {80},
 year = {2002}
}

@article{Stumpe1998,
 author = {Stumpe, S and Schmid, R and Stephens, D L and Georgiou, G and Bakker, E P},
 journal = {Journal of bacteriology},
 number = {15},
 pages = {4002--6},
 title = {Identification of OmpT as the protease that hydrolyzes the antimicrobial peptide protamine before it enters growing cells of Escherichia coli.},
 volume = {180},
 year = {1998}
}

@article{Sanchez1992,
 author = {Sánchez, L and Calvo, M and Brock, J H},
 doi = {10.1136/adc.67.5.657},
 journal = {Archives of disease in childhood},
 number = {5},
 pages = {657--61},
 publisher = {BMJ Publishing Group},
 title = {Biological role of lactoferrin.},
 volume = {67},
 year = {1992}
}

@article{Taggart2003,
 author = {Taggart, C. C. and Greene, C. M. and Smith, S. G. and Levine, R. L. and McCray, P. B. and O'Neill, S. and McElvaney, N. G.},
 doi = {10.4049/jimmunol.171.2.931},
 journal = {The Journal of Immunology},
 number = {2},
 pages = {931--937},
 title = {Inactivation of Human $β$-Defensins 2 and 3 by Elastolytic Cathepsins},
 volume = {171},
 year = {2003}
}

@article{Takeuchi2004,
 author = {Takeuchi, Koh and Takahashi, Hideo and Sugai, Mariko and Iwai, Hideo and Kohno, Toshiyuki and Sekimizu, Kazuhisa and Natori, Shunji and Shimada, Ichio},
 doi = {10.1074/jbc.M307815200},
 journal = {The Journal of biological chemistry},
 number = {6},
 pages = {4981--7},
 publisher = {American Society for Biochemistry and Molecular Biology},
 title = {Channel-forming membrane permeabilization by an antibacterial protein, sapecin: determination of membrane-buried and oligomerization surfaces by NMR.},
 volume = {279},
 year = {2004}
}

@article{Tamber2003,
 author = {Tamber, S. and Hancock, R. E. W.},
 journal = {Frontiers in bioscience : a journal and virtual library},
 pages = {s472--83},
 title = {On the mechanism of solute uptake in Pseudomonas.},
 volume = {8},
 year = {2003}
}

@article{Tang2009,
 author = {Tang, M. and Hong, M.},
 doi = {10.1039/b820398a},
 journal = {Molecular BioSystems},
 number = {4},
 pages = {317},
 publisher = {The Royal Society of Chemistry},
 title = {Structure and mechanism of $β$-hairpin antimicrobial peptides in lipid bilayers from solid-state NMR spectroscopy},
 volume = {5},
 year = {2009}
}

@article{Tangden2013,
 author = {Tangden, T. and Adler, M. and Cars, O. and Sandegren, L. and Lowdin, E.},
 doi = {10.1093/jac/dkt044},
 journal = {Journal of Antimicrobial Chemotherapy},
 keywords = {ESBLs,outer membrane porins,resistance},
 number = {6},
 pages = {1319--1326},
 title = {Frequent emergence of porin-deficient subpopulations with reduced carbapenem susceptibility in ESBL-producing Escherichia coli during exposure to ertapenem in an in vitro pharmacokinetic model},
 volume = {68},
 year = {2013}
}

@article{Teufel1993,
 author = {Teufel, P and Götz, F},
 journal = {Journal of Bacteriology},
 number = {13},
 pages = {4218},
 publisher = {American Society for Microbiology (ASM)},
 title = {Characterization of an extracellular metalloprotease with elastase activity from Staphylococcus epidermidis.},
 volume = {175},
 year = {1993}
}

@article{Thedieck2006,
 author = {Thedieck, Kathrin and Hain, Torsten and Mohamed, Walid and Tindall, Brian J. and Nimtz, Manfred and Chakraborty, Trinad and Wehland, Jürgen and Jänsch, Lothar},
 doi = {10.1111/j.1365-2958.2006.05452.x},
 journal = {Molecular Microbiology},
 number = {5},
 pages = {1325--1339},
 title = {The MprF protein is required for lysinylation of phospholipids in listerial membranes and confers resistance to cationic antimicrobial peptides (CAMPs) on Listeria monocytogenes},
 volume = {62},
 year = {2006}
}

@article{Toke2005,
 author = {Toke, Orsolya},
 doi = {10.1002/bip.20286},
 journal = {Biopolymers},
 number = {6},
 pages = {717--735},
 title = {Antimicrobial peptides: New candidates in the fight against bacterial infections},
 volume = {80},
 year = {2005}
}

@article{Tolokh2009,
 author = {Tolokh, Igor S. and Vivcharuk, Victor and Tomberli, Bruno and Gray, C. G.},
 doi = {10.1103/PhysRevE.80.031911},
 journal = {Physical Review E},
 number = {3},
 pages = {031911},
 publisher = {American Physical Society},
 title = {Binding free energy and counterion release for adsorption of the antimicrobial peptide lactoferricin B on a POPG membrane},
 volume = {80},
 year = {2009}
}

@article{Tomita1994,
 author = {Tomita, M and Takase, M and Bellamy, W and Shimamura, S},
 journal = {Acta paediatrica Japonica : Overseas edition},
 number = {5},
 pages = {585--91},
 title = {A review: the active peptide of lactoferrin.},
 volume = {36},
 year = {1994}
}

@article{Torres2019,
 author = {Torres, Marcelo D.T. and Sothiselvam, Shanmugapriya and Lu, Timothy K. and de la Fuente-Nunez, Cesar},
 doi = {10.1016/J.JMB.2018.12.015},
 journal = {Journal of Molecular Biology},
 publisher = {Academic Press},
 title = {Peptide Design Principles for Antimicrobial Applications},
 year = {2019}
}

@article{Tran2013,
 author = {Tran, Q.-T. and Williams, S. and Farid, R. and Erdemli, G. and Pearlstein, R.},
 doi = {10.1002/prot.24185},
 journal = {Proteins: Structure, Function, and Bioinformatics},
 keywords = {E. coli porin,WaterMap simulation,cephalosporin,protein‐ligand interaction,quinolone},
 number = {2},
 pages = {291--299},
 publisher = {John Wiley & Sons, Ltd},
 title = {The translocation kinetics of antibiotics through porin OmpC: Insights from structure-based solvation mapping using WaterMap},
 volume = {81},
 year = {2013}
}

@article{Tsai2009,
 author = {Tsai, Ching-Wei and Hsu, Ning-Yi and Wang, Chang-Hsu and Lu, Chia-Yu and Chang, Yung and Tsai, Hui-Hsu Gavin and Ruaan, Rouh-Chyu},
 doi = {10.1016/j.jmb.2009.06.071},
 journal = {Journal of Molecular Biology},
 number = {3},
 pages = {837--854},
 title = {Coupling Molecular Dynamics Simulations with Experiments for the Rational Design of Indolicidin-Analogous Antimicrobial Peptides},
 volume = {392},
 year = {2009}
}

@article{Tsutsumi2012,
 author = {Tsutsumi, Atsushi and Javkhlantugs, Namsrai and Kira, Atsushi and Umeyama, Masako and Kawamura, Izuru and Nishimura, Katsuyuki and Ueda, Kazuyoshi and Naito, Akira},
 doi = {10.1016/j.bpj.2012.09.010},
 journal = {Biophysical journal},
 number = {8},
 pages = {1735--43},
 publisher = {The Biophysical Society},
 title = {Structure and orientation of bovine lactoferrampin in the mimetic bacterial membrane as revealed by solid-state NMR and molecular dynamics simulation.},
 volume = {103},
 year = {2012}
}

@article{Tzouvelekis2012,
 author = {Tzouvelekis, L. S. and Markogiannakis, A. and Psichogiou, M. and Tassios, P. T. and Daikos, G. L.},
 doi = {10.1128/CMR.05035-11},
 journal = {Clinical Microbiology Reviews},
 number = {4},
 pages = {682--707},
 title = {Carbapenemases in Klebsiella pneumoniae and Other Enterobacteriaceae: an Evolving Crisis of Global Dimensions},
 volume = {25},
 year = {2012}
}

@article{Usmani2017,
 author = {Usmani, Salman Sadullah and Bedi, Gursimran and Samuel, Jesse S. and Singh, Sandeep and Kalra, Sourav and Kumar, Pawan and Ahuja, Anjuman Arora and Sharma, Meenu and Gautam, Ankur and Raghava, Gajendra P. S.},
 doi = {10.1371/journal.pone.0181748},
 editor = {Sang, Qing-Xiang Amy},
 journal = {PLOS ONE},
 number = {7},
 pages = {e0181748},
 publisher = {Public Library of Science},
 title = {THPdb: Database of FDA-approved peptide and protein therapeutics},
 volume = {12},
 year = {2017}
}

@article{VanMeer2008,
 author = {van Meer, Gerrit and Voelker, Dennis R and Feigenson, Gerald W},
 doi = {10.1038/nrm2330},
 journal = {Nature reviews. Molecular cell biology},
 number = {2},
 pages = {112--24},
 publisher = {NIH Public Access},
 title = {Membrane lipids: where they are and how they behave.},
 volume = {9},
 year = {2008}
}

@article{Vargiu2012,
 author = {Vargiu, A. V. and Nikaido, H.},
 doi = {10.1073/pnas.1218348109},
 journal = {Proceedings of the National Academy of Sciences of the United States of America},
 number = {50},
 pages = {20637--42},
 publisher = {National Academy of Sciences},
 title = {Multidrug binding properties of the AcrB efflux pump characterized by molecular dynamics simulations.},
 volume = {109},
 year = {2012}
}

@article{Vetting2011,
 author = {Vetting, M. W. and Hegde, S. S. and Wang, M. and Jacoby, G. A. and Hooper, D. C. and Blanchard, J. S.},
 doi = {10.1074/jbc.M111.226936},
 journal = {Journal of Biological Chemistry},
 number = {28},
 pages = {25265--25273},
 title = {Structure of QnrB1, a Plasmid-mediated Fluoroquinolone Resistance Factor},
 volume = {286},
 year = {2011}
}

@article{Vivcharuk2008,
 author = {Vivcharuk, Victor and Tomberli, Bruno and Tolokh, Igor S. and Gray, C. G.},
 doi = {10.1103/PhysRevE.77.031913},
 journal = {Physical Review E},
 number = {3},
 pages = {031913},
 publisher = {American Physical Society},
 title = {Prediction of binding free energy for adsorption of antimicrobial peptide lactoferricin B on a POPC membrane},
 volume = {77},
 year = {2008}
}

@article{Voulgari2013,
 author = {Voulgari, Evangelia and Poulou, Aggeliki and Koumaki, Vasiliki and Tsakris, Athanassios},
 doi = {10.2217/fmb.12.130},
 journal = {Future Microbiology},
 number = {1},
 pages = {27--39},
 title = {Carbapenemase-producing \emphEnterobacteriaceae : now that the storm is finally here, how will timely detection help us fight back?},
 volume = {8},
 year = {2013}
}

@article{Vuong2004,
 author = {Vuong, Cuong and Kocianova, Stanislava and Voyich, Jovanka M and Yao, Yufeng and Fischer, Elizabeth R and DeLeo, Frank R and Otto, Michael},
 doi = {10.1074/jbc.M411374200},
 journal = {The Journal of biological chemistry},
 number = {52},
 pages = {54881--6},
 publisher = {American Society for Biochemistry and Molecular Biology},
 title = {A crucial role for exopolysaccharide modification in bacterial biofilm formation, immune evasion, and virulence.},
 volume = {279},
 year = {2004}
}

@article{Vuong2004PIA,
 author = {Vuong, Cuong and Voyich, Jovanka M and Fischer, Elizabeth R and Braughton, Kevin R and Whitney, Adeline R and DeLeo, Frank R and Otto, Michael},
 journal = {Cellular microbiology},
 number = {3},
 pages = {269--75},
 title = {Polysaccharide intercellular adhesin (PIA) protects Staphylococcus epidermidis against major components of the human innate immune system.},
 volume = {6},
 year = {2004}
}

@article{Waghu2018,
 author = {Waghu, Faiza H. and Joseph, Shaini and Ghawali, Sanket and Martis, Elvis A. and Madan, Taruna and Venkatesh, Kareenhalli V. and Idicula-Thomas, Susan},
 doi = {10.3389/fmicb.2018.00325},
 journal = {Frontiers in Microbiology},
 keywords = {Killing kinetics,MD simulation,Microbial membrane,antibacterial peptides,myeloid antimicrobial peptides},
 pages = {325},
 publisher = {Frontiers},
 title = {Designing Antibacterial Peptides with Enhanced Killing Kinetics},
 volume = {9},
 year = {2018}
}

@article{Wakabayashi1996,
 author = {Wakabayashi, H and Abe, S and Okutomi, T and Tansho, S and Kawase, K and Yamaguchi, H},
 journal = {Microbiology and immunology},
 number = {11},
 pages = {821--5},
 title = {Cooperative anti-Candida effects of lactoferrin or its peptides in combination with azole antifungal agents.},
 volume = {40},
 year = {1996}
}

@article{Walters2005,
 author = {Walters, W Patrick and Goldman, Brain B},
 journal = {Current opinion in drug discovery & development},
 keywords = {Animals,Drug Design,Humans,Models, Chemical,Molecular Conformation,Molecular Structure,Quantitative Structure-Activity Relationship},
 number = {3},
 pages = {329--33},
 title = {Feature selection in quantitative structure-activity relationships.},
 volume = {8},
 year = {2005}
}

@article{APD3,
 author = {Wang, Guangshun and Li, Xia and Wang, Zhe and J.Z., Lai and K.Y., Chang and M.P., Lefranc and M., Pirtskhalava and K.A., Vliet and J.M., Schnur and van Hoek M.L.},
 doi = {10.1093/nar/gkv1278},
 journal = {Nucleic Acids Research},
 keywords = {amino acids,animal model,anti-bacterial agents,antifungal agent,antimalarials,antimicrobials,antioxidants,antiparasitic agents,antiviral agents,archaea,bacteria,bacteriocin,fungus,hiv,host defense,molecule,pathogenic organism,peptides,plants,protein processing, post-translational,protists,wound healing},
 number = {D1},
 pages = {D1087--D1093},
 publisher = {Academic Press, Boston},
 title = {APD3: the antimicrobial peptide database as a tool for research and education},
 volume = {44},
 year = {2016}
}

@article{Wang2015,
 author = {Wang, Jiajun and Chou, Shuli and Xu, Lin and Zhu, Xin and Dong, Na and Shan, Anshan and Chen, Zhihui},
 doi = {10.1038/srep15963},
 journal = {Scientific reports},
 keywords = {Amino Acid Sequence,Anti-Bacterial Agents,Antimicrobial Cationic Peptides,Cell Membrane,Cell Membrane Permeability,Drug Design,Drug Synergism,Fluorescence Resonance Energy Transfer,Gram-Negative Bacteria,Gram-Negative Bacterial Infections,Hydrophobic and Hydrophilic Interactions,Microbial Sensitivity Tests,Oligopeptides,Protein Structure, Secondary},
 number = {1},
 pages = {15963},
 title = {High specific selectivity and Membrane-Active Mechanism of the synthetic centrosymmetric $α$-helical peptides with Gly-Gly pairs.},
 volume = {5},
 year = {2015}
}

@article{Wang2004MsbA,
 author = {Wang, Xiaoyuan and Karbarz, Mark J and McGrath, Sara C and Cotter, Robert J and Raetz, Christian R H},
 doi = {10.1074/jbc.M409078200},
 journal = {The Journal of biological chemistry},
 number = {47},
 pages = {49470--8},
 publisher = {American Society for Biochemistry and Molecular Biology},
 title = {MsbA transporter-dependent lipid A 1-dephosphorylation on the periplasmic surface of the inner membrane: topography of francisella novicida LpxE expressed in Escherichia coli.},
 volume = {279},
 year = {2004}
}

@article{Wang2006,
 author = {Wang, Xiaoyuan and McGrath, Sara C and Cotter, Robert J and Raetz, Christian R H},
 doi = {10.1074/jbc.M600435200},
 journal = {The Journal of biological chemistry},
 number = {14},
 pages = {9321--30},
 publisher = {NIH Public Access},
 title = {Expression cloning and periplasmic orientation of the Francisella novicida lipid A 4'-phosphatase LpxF.},
 volume = {281},
 year = {2006}
}

@article{Wang2004,
 author = {Wang, Xin and Preston, James F and Romeo, Tony},
 doi = {10.1128/jb.186.9.2724-2734.2004},
 journal = {Journal of bacteriology},
 number = {9},
 pages = {2724--34},
 publisher = {American Society for Microbiology Journals},
 title = {The pgaABCD locus of Escherichia coli promotes the synthesis of a polysaccharide adhesin required for biofilm formation.},
 volume = {186},
 year = {2004}
}

@online{lipo,
 author = {Wikipedia},
 title = {Liposome},
 urldate = {2019-06-29}
}

@article{Wimley2010,
 author = {Wimley, William C.},
 doi = {10.1021/cb1001558},
 journal = {ACS Chemical Biology},
 number = {10},
 pages = {905--917},
 title = {Describing the Mechanism of Antimicrobial Peptide Action with the Interfacial Activity Model},
 volume = {5},
 year = {2010}
}

@article{Wipf2009,
 author = {Wipf, Peter and Xiao, Jingbo and Stephenson, Corey R. J.},
 doi = {10.2533/chimia.2009.764},
 journal = {CHIMIA International Journal for Chemistry},
 number = {11},
 pages = {764--775},
 title = {Peptide-Like Molecules (PLMs): A Journey from Peptide Bond Isosteres to Gramicidin S Mimetics and Mitochondrial Targeting Agents},
 volume = {63},
 year = {2009}
}

@article{Wiradharma2011,
 author = {Wiradharma, Nikken and Khoe, Ulung and Hauser, Charlotte A.E. and Seow, See Voon and Zhang, Shuguang and Yang, Yi-Yan},
 doi = {10.1016/j.biomaterials.2010.11.054},
 journal = {Biomaterials},
 number = {8},
 pages = {2204--2212},
 title = {Synthetic cationic amphiphilic $α$-helical peptides as antimicrobial agents},
 volume = {32},
 year = {2011}
}

@article{Woodford2013,
 author = {Woodford, Neil and Johnson, Alan P.},
 doi = {10.1099/jmm.0.052555-0},
 journal = {Journal of Medical Microbiology},
 number = {4},
 pages = {499--513},
 title = {Global spread of antibiotic resistance: the example of New Delhi metallo-$β$-lactamase (NDM)-mediated carbapenem resistance},
 volume = {62},
 year = {2013}
}

@article{Woodford2011,
 author = {Woodford, Neil and Turton, Jane F. and Livermore, David M.},
 doi = {10.1111/j.1574-6976.2011.00268.x},
 journal = {FEMS Microbiology Reviews},
 number = {5},
 pages = {736--755},
 title = {Multiresistant Gram-negative bacteria: the role of high-risk clones in the dissemination of antibiotic resistance},
 volume = {35},
 year = {2011}
}

@article{Wozniak2012,
 author = {Wozniak, A. and Villagra, N. A. and Undabarrena, A. and Gallardo, N. and Keller, N. and Moraga, M. and Roman, J. C. and Mora, G. C. and Garcia, P.},
 doi = {10.1099/jmm.0.045799-0},
 journal = {Journal of Medical Microbiology},
 number = {Pt_9},
 pages = {1270--1279},
 title = {Porin alterations present in non-carbapenemase-producing Enterobacteriaceae with high and intermediate levels of carbapenem resistance in Chile},
 volume = {61},
 year = {2012}
}

@article{Wright2005,
 author = {Wright, G},
 doi = {10.1016/j.addr.2005.04.002},
 journal = {Advanced Drug Delivery Reviews},
 number = {10},
 pages = {1451--1470},
 title = {Bacterial resistance to antibiotics: Enzymatic degradation and modification},
 volume = {57},
 year = {2005}
}

@article{Wu2009,
 author = {Wu, Wesley and Hsiao, Sonny C and Carrico, Zachary M and Francis, Matthew B},
 doi = {10.1002/anie.200902426},
 journal = {Angewandte Chemie (International ed. in English)},
 number = {50},
 pages = {9493--7},
 publisher = {NIH Public Access},
 title = {Genome-free viral capsids as multivalent carriers for taxol delivery.},
 volume = {48},
 year = {2009}
}

@article{Xie2018,
 author = {Xie, Junqiu and Li, Yao and Li, Jing and Yan, Zhibin and Wang, Dan and Guo, Xiaomin and Zhang, Jianfeng and Zhang, Bangzhi and Mou, Lingyun and Yang, Wenle and Jiang, Xianxing},
 doi = {10.1007/s00726-018-2625-4},
 journal = {Amino Acids},
 keywords = {Analogs,Anti-biofilm,Antimicrobial peptides,Multidrug-resistant bacteria,Pseudomonas aeruginosa},
 number = {10},
 pages = {1471--1483},
 title = {Potent effects of amino acid scanned antimicrobial peptide Feleucin-K3 analogs against both multidrug-resistant strains and biofilms of Pseudomonas aeruginosa},
 volume = {50},
 year = {2018}
}

@article{Yamaguchi2001,
 author = {Yamaguchi, Satoru and Huster, Daniel and Waring, Alan and Lehrer, Robert I. and Kearney, William and Tack, Brian F. and Hong, Mei},
 doi = {10.1016/S0006-3495(01)75868-7},
 journal = {Biophysical Journal},
 number = {4},
 pages = {2203--2214},
 title = {Orientation and Dynamics of an Antimicrobial Peptide in the Lipid Bilayer by Solid-State NMR Spectroscopy},
 volume = {81},
 year = {2001}
}

@article{Yan2010,
 author = {Yan, Xuehai and Zhu, Pengli and Li, Junbai},
 doi = {10.1039/b915765b},
 journal = {Chemical Society Reviews},
 number = {6},
 pages = {1877},
 publisher = {The Royal Society of Chemistry},
 title = {Self-assembly and application of diphenylalanine-based nanostructures},
 volume = {39},
 year = {2010}
}

@article{Yang2001,
 author = {Yang, L and Harroun, T A and Weiss, T M and Ding, L and Huang, H W},
 doi = {10.1016/S0006-3495(01)75802-X},
 journal = {Biophysical journal},
 number = {3},
 pages = {1475--85},
 publisher = {The Biophysical Society},
 title = {Barrel-stave model or toroidal model? A case study on melittin pores.},
 volume = {81},
 year = {2001}
}

@article{Yeaman2003,
 author = {Yeaman, M. R. and Yount, Nannette Y},
 doi = {10.1124/pr.55.1.2},
 journal = {Pharmacological Reviews},
 number = {1},
 pages = {27--55},
 title = {Mechanisms of Antimicrobial Peptide Action and Resistance},
 volume = {55},
 year = {2003}
}

@article{Yeates2019,
 author = {Yeates, Todd O.},
 doi = {10.1038/d41586-019-01407-z},
 journal = {Nature},
 keywords = {Chemical biology,Nanoscience and technology},
 number = {7756},
 pages = {340--342},
 publisher = {Nature Publishing Group},
 title = {Protein assembles into Archimedean geometry},
 volume = {569},
 year = {2019}
}

@article{Yingchoncharoen2016,
 author = {Yingchoncharoen, Phatsapong and Kalinowski, Danuta S and Richardson, Des R},
 doi = {10.1124/pr.115.012070},
 journal = {Pharmacological reviews},
 number = {3},
 pages = {701--87},
 publisher = {American Society for Pharmacology and Experimental Therapeutics},
 title = {Lipid-Based Drug Delivery Systems in Cancer Therapy: What Is Available and What Is Yet to Come.},
 volume = {68},
 year = {2016}
}

@article{Yonezawa1992,
 author = {Yonezawa, Atsuo and Kuwahara, Jun and Fujii, Nobutaka and Sugiura, Yukio},
 doi = {10.1021/bi00126a022},
 journal = {Biochemistry},
 number = {11},
 pages = {2998--3004},
 publisher = {American Chemical Society},
 title = {Binding of tachyplesin I to DNA revealed by footprinting analysis: significant contribution of secondary structure to DNA binding and implication for biological action},
 volume = {31},
 year = {1992}
}

@article{Yoo2011,
 author = {Yoo, Jin-Wook and Irvine, Darrell J. and Discher, Dennis E. and Mitragotri, Samir},
 doi = {10.1038/nrd3499},
 journal = {Nature Reviews Drug Discovery},
 keywords = {Biomedical engineering,Drug delivery,Technology,Vaccines},
 number = {7},
 pages = {521--535},
 publisher = {Nature Publishing Group},
 title = {Bio-inspired, bioengineered and biomimetic drug delivery carriers},
 volume = {10},
 year = {2011}
}

@article{Zasloff2002,
 author = {Zasloff, Michael},
 doi = {10.1038/415389a},
 journal = {Nature},
 number = {6870},
 pages = {389--395},
 title = {Antimicrobial peptides of multicellular organisms},
 volume = {415},
 year = {2002}
}

@article{Zhang2014cas,
 author = {Zhang, F. and Wen, Y. and Guo, X.},
 doi = {10.1093/hmg/ddu125},
 journal = {Human Molecular Genetics},
 number = {R1},
 pages = {R40--R46},
 title = {CRISPR/Cas9 for genome editing: progress, implications and challenges},
 volume = {23},
 year = {2014}
}

@article{Zhang2001,
 author = {Zhang, L and Rozek, A and Hancock, R E},
 doi = {10.1074/jbc.M104925200},
 journal = {The Journal of biological chemistry},
 number = {38},
 pages = {35714--22},
 publisher = {American Society for Biochemistry and Molecular Biology},
 title = {Interaction of cationic antimicrobial peptides with model membranes.},
 volume = {276},
 year = {2001}
}

@article{Zhang2016,
 author = {Zhang, Ling-Juan and Gallo, Richard L.},
 doi = {10.1016/J.CUB.2015.11.017},
 journal = {Current Biology},
 number = {1},
 pages = {R14--R19},
 publisher = {Cell Press},
 title = {Antimicrobial peptides},
 volume = {26},
 year = {2016}
}

@article{Zhang2014,
 author = {Zhang, Qian and Jiang, Qiao and Li, Na and Dai, Luru and Liu, Qing and Song, Linlin and Wang, Jinye and Li, Yaqian and Tian, Jie and Ding, Baoquan and Du, Yang},
 doi = {10.1021/nn502058j},
 journal = {ACS Nano},
 keywords = {DNA origami,cancer therapy,doxorubicin,fluorescence imaging,in vivo delivery},
 number = {7},
 pages = {6633--6643},
 publisher = {American Chemical Society},
 title = {DNA Origami as an \emphIn Vivo Drug Delivery Vehicle for Cancer Therapy},
 volume = {8},
 year = {2014}
}


