@article{Fjell2011,
author = {Fjell, Christopher D. and Hiss, Jan A. and Hancock, Robert E. W. and Schneider, Gisbert},
doi = {10.1038/nrd3591},
issn = {1474-1776},
journal = {Nature Reviews Drug Discovery},
month = {dec},
number = {1},
pages = {37},
publisher = {Nature Publishing Group},
title = {{Designing antimicrobial peptides: form follows function}},
url = {http://www.nature.com/doifinder/10.1038/nrd3591},
volume = {11},
year = {2011}
}
