@article{doi:10.1098/rspa.1964.0190,
author = {Hubbard, J. and Flowers, B. H.},
title = {Electron correlations in narrow energy bands III. An improved solution},
journal = {Proceedings of the Royal Society A},
volume = {281},
number = {1386},
pages = {401-419},
year = {1964},
}


@article{DeepBlue_theguardian,
  author =        {Harding, L. and Barden, L.},
  month =         {5},
  title =         {{Deep Blue win a giant step for computerkind}},
  year =          {1997},
  journal =       {The Guardian},
  url =           {https://www.theguardian.com/theguardian/2011/may/12/deep-blue-beats-kasparov-1997},
}

@article{AlphaGo_theguardian,
  author =        {Borowiec, S.},
  month =         {3},
  title =         {{Google's AlphaGo AI defeats human in first game of Go contest}},
  journal =       {The Guardian},
  year =          {2016},
  url =           {https://www.theguardian.com/technology/2016/mar/09/google-deepmind-alphago-ai-defeats-human-lee-sedol-first-game-go-contest},
}

@book{Russell:2002fe,
  author =        {Russell, S. and Norvig, P.},
  publisher =     {Pearson},
  title =         {{Artificial Intelligence: A Modern Approach}},
  year =          {1995},
}

@article{Micro:gx,
  author =        {Hsu, F. H.},
  journal =       {IEEE Micro},
  volume =        {19},
  pages =         {70--81},
  title =         {{IBM's deep blue chess grandmaster chips}},
  year =          {1999},

}

@book{Hsu:2004wo,
  author =        {Hsu, F. H.},
  title =         {{Behind Deep Blue: Building the computer that defeated the world chess champion}},
  year =          {2004},
  publisher =     {Princeton University Press},
}

@article{Silver:2016hl,
  author =        {Silver, D. and Huang, A. and Maddison, C. J. and
                   Guez, A. and Sifre, L. and
                   van den Driessche, G. and Schrittwieser, J. and
                   Antonoglou, I. and Panneershelvam, V. and
                   Lanctot, M. and Dieleman, S. and Grewe, D. and
                   Nham, J. and Kalchbrenner, N. and Sutskever, I. and
                   Lillicrap, T. and Leach, M. and
                   Kavukcuoglu, K. and Graepel, T. and
                   Hassabis, D.},
  month =         jan,
  number =        {7585},
  pages =         {484--489},
  title =         {{Mastering the game of Go with deep neural networks and tree search}},
   journal =      {Nature},
  volume =        {529},
  year =          {2016},
}

@article{Silver:2017wu,
  author =        {Silver, D. and Hubert, T. and
                   Schrittwieser, J. and Antonoglou, I. and
                   Lai, M. and Guez, A. and Lanctot, M. and
                   Sifre, L. and Kumaran, D. and
                   Graepel, T. and Lillicrap, T. and
                   Simonyan, K. and Hassabis, D.},
  month =         dec,
  title =         {{A general reinforcement learning algorithm that masters chess, shogi, and Go through self-play}},
   journal =      {Science},
  volume =        {362},
  year =          {2018},
  pages = {1140-1144},
}

@article{Dirac:1929cq,
  author =        {Dirac, P. A. M.},
  journal =       {Proceedings of the Royal Society A},
  month =         apr,
  number =        {792},
  pages =         {714--733},
  title =         {{Quantum mechanics of many-electron systems}},
  volume =        {123},
  year =          {1929},
}

@article{Kohn:1965js,
  author =        {Kohn, W. and Sham, L. J.},
  journal =       {Physical review},
  number =        {4A},
  pages =         {A1133--A1138},
  title =         {{Self-consistent equations including exchange and correlation effects}},
  journal =       {Physical Review},
  volume =        {140},
  year =          {1965},
}

@article{Hohenberg:1964vt,
  author =        {Hohenberg, P. and Kohn, W.},
  journal =       {Physical review},
  title =         {{Inhomogeneous electron gas}},
  year =          {1964},
}

@book{Kantorovich:2004ue,
  author =        {Kantorovich, L.},
  month =         may,
  publisher =     {Springer},
  title =         {Quantum Theory of the Solid State: An Introduction},
  year =          {2004},
}

@article{Marques:2012bu,
  author =        {Marques, M. A. L. and Oliveira, M. J. T. and
                   Burnus, T.},
  journal =       {Computer Physics Communications},
  month =         oct,
  number =        {10},
  pages =         {2272--2281},
  title =         {{Libxc: A library of exchange and correlation
                   functionals for density functional theory}},
  volume =        {183},
  year =          {2012},
}

@article{Kryder:2009br,
  author =        {Kryder, M. H. and Kim, C. S.},
  journal =       {IEEE Transactions on Magnetics},
  title =         {{After hard drives{\textemdash}what comes next?}},
  volume = {45},
  pages = {3406--3413}
  year =          {2009},
}

@article{Grochowski:2003gg,
  author =        {Grochowski, E. and Halem, R. D.},
  journal =       {IBM Systems Journal},
  number =        {2},
  pages =         {338--346},
  title =         {{Technological impact of magnetic hard disk drives on
                   storage systems}},
  volume =        {42},
  year =          {2003},
}

@article{Behler:2007fe,
  author =        {Behler, J. and Parrinello, M.},
  journal =       {Physical Review Letters},
  month =         apr,
  number =        {14},
  pages =         {146401--4},
  title =         {{Generalized Neural-Network Representation of
                   High-Dimensional Potential-Energy Surfaces}},
  volume =        {98},
  year =          {2007},
}

@article{Bartok:2010fj,
  author =        {Bart{\'o}k, A. P. and Payne, Mike C. and Kondor, R. and
                   Cs{\'a}nyi, G.},
  journal =       {Physical Review Letters},
  month =         apr,
  number =        {13},
  pages =         {136403--4},
  title =         {{Gaussian Approximation Potentials: The Accuracy of
                   Quantum Mechanics, without the Electrons}},
  volume =        {104},
  year =          {2010},
}

@article{Snyder:2012da,
  author =        {Snyder, J. C. and Rupp, M. and Hansen, K. and
                   M{\"u}ller, K. R. and Burke, K.},
  month =         jun,
  number =        {25},
  pages =         {253002--5},
  title =         {{Finding Density Functionals with Machine Learning}},
  volume =        {108},
  year =          {2012},
}

@article{Ghiringhelli:2015kr,
  author =        {Ghiringhelli, L. M and Vybiral, J. and
                   Levchenko, S. V. and Draxl, C. and
                   Scheffler, M.},
  journal =       {Physical Review Letters},
  month =         mar,
  number =        {10},
  pages =         {105503--5},
  title =         {{Big Data of Materials Science: Critical Role of the
                   Descriptor}},
  volume =        {114},
  year =          {2015},
  annote =        {- how long LASSO takes to run over 10000 features},
}

@article{Geiger:2013ea,
  author =        {Geiger, P. and Dellago, C.},
  journal =       {The Journal of Chemical Physics},
  number =        {16},
  pages =         {164105--15},
  title =         {{Neural networks for local structure detection in
                   polymorphic systems}},
  volume =        {139},
  year =          {2013},
  annote =        {- why not use a sigmoid and do classification? - why
                   0.9 -0.9 ??},
}

@article{De:2016ia,
  author =        {De, S. and Bart{\'o}k, A. P. and Cs{\'a}nyi, G. and
                   Ceriotti, M.},
  journal =       {Physical Chemistry Chemical Physics},
  month =         may,
  pages =         {13754--13769},
  title =         {{Comparing molecules and solids across structural and
                   alchemical space}},
  volume =        {18},
  year =          {2016},
}

@article{Stecher:2014gi,
  author =        {Stecher, T. and Bernstein, N. and
                   Cs{\'a}nyi, G.},
  journal =       {Journal of Chemical Theory and Computation},
  month =         sep,
  number =        {9},
  pages =         {4079--4097},
  title =         {{Free Energy Surface Reconstruction from Umbrella
                   Samples Using Gaussian Process Regression}},
  volume =        {10},
  year =          {2014},
}

@article{Arsenault:2014ema,
  author =        {Arsenault, L. F. and Lopez-Bezanilla, A. and
                   von Lilienfeld, O. A. and Millis, A. J.},
  journal =       {Physical Review B},
  month =         oct,
  number =        {15},
  pages =         {155136--16},
  title =         {{Machine learning for many-body physics: The case of
                   the Anderson impurity model}},
  volume =        {90},
  year =          {2014},
}

@article{Stillinger:1985zz,
  author =        {Stillinger, F. H. and Weber, T. A.},
  journal =       {Physical review},
  number =        {8},
  pages =         {5262--5271},
  title =         {{Computer simulation of local order in condensed
                   phases of silicon}},
  volume =        {B31},
  year =          {1985},
}

@article{Tersoff:1988jt,
  author =        {Tersoff, J.},
  journal =       {Physical Review B},
  month =         apr,
  number =        {12},
  pages =         {6991--7000},
  title =         {{New empirical approach for the structure and energy
                   of covalent systems}},
  volume =        {37},
  year =          {1988},
}

@article{Brenner:2000uh,
  author =        {Brenner, D. W.},
  journal =       {Physica Status Solidi B},
  title =         {{The art and science of an analytic potential}},
  year =          {2000},
  volume = {217}, 
  pages = {23-40},
}

@article{Mishin:2004bh,
  author =        {Mishin, Y.},
  journal =       {Acta Materialia},
  month =         apr,
  number =        {6},
  pages =         {1451--1467},
  title =         {{Atomistic modeling of the $\gamma$ and
                   $\gamma$'-phases of the Ni{\textendash}Al system}},
  volume =        {52},
  year =          {2004},
}

@article{vanDuin:2001ig,
  author =        {van Duin, A. C. T. and Dasgupta, S. and
                   Lorant, F. and Goddard, W. A.},
  journal =       {The Journal of Physical Chemistry A},
  month =         oct,
  number =        {41},
  pages =         {9396--9409},
  title =         {{ReaxFF:~ A Reactive Force Field for Hydrocarbons}},
  volume =        {105},
  year =          {2001},
}

@article{Cisneros:2016hi,
  author =        {Cisneros, G. A. and
                   Wikfeldt, K. T. and Ojam{\"a}e, L. and
                   Lu, J. and Xu, Y. and Torabifard, H. and
                   Bart{\'o}k, A. P. and Cs{\'a}nyi, G. and
                   Molinero, V. and Paesani, F.},
  journal =       {Chemical Reviews},
  month =         jul,
  number =        {13},
  pages =         {7501--7528},
  title =         {{Modeling Molecular Interactions in Water: From
                   Pairwise to Many-Body Potential Energy Functions}},
  volume =        {116},
  year =          {2016},
}

@article{Reddy:2016ic,
  author =        {Reddy, S. K. and Straight, S. C. and
                   Bajaj, P. and Huy Pham, C. and Riera, M. and
                   Moberg, D. R. and Morales, M. A. and
                   Knight, C. and G{\"o}tz, A. W. and
                   Paesani, F.},
  journal =       {The Journal of Chemical Physics},
  month =         nov,
  number =        {19},
  pages =         {194504--14},
  title =         {{On the accuracy of the MB-pol many-body potential
                   for water: Interaction energies, vibrational
                   frequencies, and classical thermodynamic and
                   dynamical properties from clusters to liquid water
                   and ice}},
  volume =        {145},
  year =          {2016},
}

@article{Li:2015eb,
  author =        {Li, Z. and Kermode, J. R. and De Vita, A.},
  journal =       {Physical Review Letters},
  month =         mar,
  number =        {9},
  pages =         {096405--5},
  title =         {{Molecular Dynamics with On-the-Fly Machine Learning
                   of Quantum-Mechanical Forces}},
  volume =        {114},
  year =          {2015},
  annote =        {Q: - why k is generally more than 3? what is its
                   typical value? - why do we use "least squares" to
                   find F?},
}

@article{Botu:2015kb,
  author =        {Botu, V. and Ramprasad, R.},
  journal =       {Physical Review B},
  month =         sep,
  number =        {9},
  pages =         {094306--5},
  title =         {{Learning scheme to predict atomic forces and
                   accelerate materials simulations}},
  volume =        {92},
  year =          {2015},
}

@article{Bartok:2013cs,
  author =        {Bart{\'o}k, A. P. and Kondor, R. and
                   Cs{\'a}nyi, G.},
  journal =       {Physical Review B},
  month =         may,
  number =        {18},
  pages =         {184115--16},
  title =         {{On representing chemical environments}},
  volume =        {87},
  year =          {2013},
}

@article{Thompson:2015dw,
  author =        {Thompson, A. P. and Swiler, L. P. and Trott, C. R. and
                   Foiles, S. M. and Tucker, G. J.},
  journal =       {Journal of Computational Physics},
  month =         mar,
  number =        {C},
  pages =         {316--330},
  title =         {{Spectral neighbor analysis method for automated
                   generation of quantum-accurate interatomic
                   potentials}},
  volume =        {285},
  year =          {2015},
}

@article{Boes:2016im,
  author =        {Boes, J. R. and Groenenboom, M. C. and
                   Keith, J. A. and Kitchin, J. R.},
  journal =       {International Journal of Quantum Chemistry},
  month =         mar,
  number =        {13},
  pages =         {979--987},
  title =         {{Neural network and ReaxFF comparison for Au
                   properties}},
  volume =        {116},
  year =          {2016},
}

@article{Sorella:2005ez,
  author =        {Sorella, S.},
  journal =       {Physical Review B},
  month =         jun,
  number =        {24},
  pages =         {241103--4},
  title =         {{Wave function optimization in the variational Monte
                   Carlo method}},
  volume =        {71},
  year =          {2005},
}

@article{Sorella:2001hw,
  author =        {Sorella, S.},
  journal =       {Physical Review B},
  month =         jun,
  number =        {2},
  pages =         {973--16},
  title =         {{Generalized Lanczos algorithm for variational
                   quantum Monte Carlo}},
  volume =        {64},
  year =          {2001},
}

@article{Schwarz:2017hr,
  author =        {Schwarz, L. R. and Alavi, A. and Booth, G. H.},
  journal =       {Physical Review Letters},
  month =         apr,
  number =        {17},
  pages =         {372--6},
  title =         {{Projector Quantum Monte~Carlo Method for Nonlinear
                   Wave Functions}},
  volume =        {118},
  year =          {2017},
}

@article{Mezzacapo:2009hs,
  author =        {Mezzacapo, F. and Schuch, N. and Boninsegni, M. and
                   Cirac, J. I.},
  journal =       {New Journal of Physics},
  month =         aug,
  number =        {8},
  pages =         {083026--10},
  title =         {{Ground-state properties of quantum many-body
                   systems: entangled-plaquette states and variational
                   Monte Carlo}},
  volume =        {11},
  year =          {2009},
}

@article{Drummond:2004jj,
  author =        {Drummond, N. D. and Towler, M. D. and Needs, R. J.},
  journal =       {Physical Review B},
  month =         dec,
  number =        {23},
  pages =         {12--11},
  title =         {{Jastrow correlation factor for atoms, molecules, and
                   solids}},
  volume =        {70},
  year =          {2004},
}

@article{Carleo:2016vp,
  author =        {Carleo, G. and Troyer, M.},
  month =         jun,
  title =         {{Solving the Quantum Many-Body Problem with Artificial Neural Networks}},
  year =          {2017},
  journal = {Science}, 
  volume = {365},
  pages = {602--606}
}

@article{Cai:2018jm,
  author =        {Cai, Zi. and Liu, J.},
  journal =       {Physical Review B},
  month =         jan,
  number =        {3},
  pages =         {035116},
  title =         {{Approximating quantum many-body wave functions using
                   artificial neural networks}},
  volume =        {97},
  year =          {2018},
}

@article{Ferre:2015dq,
  author =        {Ferr{\'e}, G. and Maillet, J. B. and Stoltz, G.},
  journal =       {The Journal of Chemical Physics},
  month =         sep,
  number =        {10},
  pages =         {104114--13},
  title =         {{Permutation-invariant distance between atomic
                   configurations}},
  volume =        {143},
  year =          {2015},
}

@article{Glielmo:2018bm,
  author =        {Glielmo, A. and Zeni, C. and De Vita, A.},
  journal =       {Physical Review B},
  month =         may,
  number =        {18},
  pages =         {1--12},
  title =         {{Efficient nonparametric $n$-body force fields from
                   machine learning}},
  volume =        {97},
  year =          {2018},
}

@article{Kohn:1996hn,
  author =        {Kohn, W.},
  month =         apr,
  number =        {17},
  pages =         {3168--3171},
  title =         {{Density functional and density matrix method scaling linearly with the number of atoms}},
  journal = {Physical Review Letters},
  volume =        {76},
  year =          {1996},
}

@article{Prodan:2005eu,
  author =        {Prodan, E. and Kohn, W.},
  journal =       {Proceedings of the National Academy of Sciences},
  month =         aug,
  number =        {33},
  pages =         {11635--11638},
  title =         {{Nearsightedness of electronic matter}},
  volume =        {102},
  year =          {2005},
}

@book{VanKampen:1086554,
  author =        {van Kampen, N. G.},
  publisher =     {Elsevier},
  title =         {{Stochastic Processes in Physics and Chemistry}},
  year =          {1981},
}

@book{Williams:2006vz,
  author =        {Rasmussen, C. E. and Williams, C. K. I.},
  publisher =       {The MIT Press},
  title =         {{Gaussian Processes for Machine Learning}},
  year =          {2006},
}

@book{Bishop:998831,
  author =        {Bishop, C. M.},
  publisher =     {Springer},
  title =         {{Pattern Recognition and Machine Learning}},
  year =          {2006},
}

@article{Alvarez:2011tb,
  author =        {Alvarez, M. A. and Rosasco, L. and Lawrence, N. D.},
    title = 	 {Kernels for Vector-Valued Functions: A Review},
  journal =  	 {Foundations and Trends in Machine Learning},
  pages = 	 {195},
  year = 	 {2012},
  volume = 	 {4},
  year = 	 {2012}
}


@article{Micchelli:2005ij,
  author =        {Micchelli, C. A. and Pontil, M.},
  journal =       {Neural computation},
  month =         jan,
  number =        {1},
  pages =         {177--204},
  title =         {{On learning vector-valued functions}},
  volume =        {17},
  year =          {2005},
}

@inproceedings{Micchelli:2004uv,
  author =        {Micchelli, C. A. and Pontil, M.},
  booktitle =     {Advances in Neural Information Processing Systems 17},
  month =         jan,
  title =         {{Kernels for multi-task learning}},
  year =          {2005},
  pages = {921--928},
}

@article{Bayes:1763ug,
  author =        {Bayes, T. and Price, M.},
  journal =       {Philosophical Transactions of the Royal Society of London},
  volume = {53},
  pages = {370--418},
  title =         {{An essay towards solving a problem in the doctrine of chances. By the late Rev. Mr. Bayes, F. R. S. communicated by Mr. Price, in a letter to John Canton, A. M. F. R. S.}},
  year =          {1763},
}

@article{Feynman:1939bg,
  author =        {Feynman, R. P.},
  journal =       {Physical review},
  month =         aug,
  number =        {4},
  pages =         {340--343},
  title =         {{Forces in Molecules}},
  volume =        {56},
  year =          {1939},
}

@article{Bartok:2015iw,
  author =        {Bart{\'o}k, A. P. and Cs{\'a}nyi, G.},
  journal =       {International Journal of Quantum Chemistry},
  month =         apr,
  number =        {16},
  pages =         {1051--1057},
  title =         {{Gaussian approximation potentials: A brief tutorial
                   introduction}},
  volume =        {115},
  year =          {2015},
}


@techreport{Macedo:2008vq,
  author =        {Mac{\^e}do, I. and Castro, R.},
  number = {A679/2010},
  institution = {Instituto Nacional de Matematica Pura e Aplicada},
  title =         {{Learning divergence-free and curl-free vector fields with matrix-valued kernels}},
  year =          {2008},
}


@article{Rupp:2012kxa,
  author =        {Rupp, M. and Tkatchenko, A. and M{\"u}ller, K. R. and
                   von Lilienfeld, O. A.},
  journal =       {Physical Review Letters},
  month =         jan,
  number =        {5},
  pages =         {058301--5},
  title =         {{Fast and Accurate Modeling of Molecular Atomization
                   Energies with Machine Learning}},
  volume =        {108},
  year =          {2012},
}

@article{Rupp:2015et,
  author =        {Rupp, M.},
  journal =       {International Journal of Quantum Chemistry},
  month =         jul,
  number =        {16},
  pages =         {1058--1073},
  title =         {{Machine learning for quantum mechanics in a
                   nutshell}},
  volume =        {115},
  year =          {2015},
}

@article{Hansen:2013dp,
  author =        {Hansen, K. and Montavon, G. and
                   Biegler, F. and Fazli, S. and Rupp, M. and
                   Scheffler, M. and von Lilienfeld, O. A. and
                   Tkatchenko, A. and M{\"u}ller, K. R.},
  journal =       {Journal of Chemical Theory and Computation},
  month =         aug,
  number =        {8},
  pages =         {3404--3419},
  title =         {{Assessment and Validation of Machine Learning
                   Methods for Predicting Molecular Atomization
                   Energies}},
  volume =        {9},
  year =          {2013},
}

@article{Chmiela:2017ff,
  author =        {Chmiela, S. and Tkatchenko, A. and
                   Sauceda, H. E. and Poltavsky, I. and
                   Sch{\"u}tt, K. T. and M{\"u}ller, K. R.},
  journal =       {Science Advances},
  month =         may,
  number =        {5},
  pages =         {e1603015},
  title =         {{Machine learning of accurate energy-conserving molecular force fields}},
  volume =        {3},
  year =          {2017},
}

@article{Glielmo:2017dj,
  author =        {Glielmo, A. and Sollich, P. and De Vita, A.},
  journal =       {Physical Review B},
  month =         jun,
  number =        {21},
  pages =         {214302},
  title =         {{Accurate interatomic force fields via machine
                   learning with covariant kernels}},
  volume =        {95},
  year =          {2017},
}

@article{Zeni:2018to,
  author =        {Zeni, C. and Rossi, K. and Glielmo, A. and Fekete, {\'A} and Nicola, G. and Baletto, F. and De Vita, A.},
  journal =       {The Journal of Chemical Physics},
  month =         jun,
  pages =         {241739},
  title =         {{Building machine learning force fields for nanoclusters}},
  volume =        {148},
  year =          {2018},
}

@article{Deringer:2017ea,
  author =        {Deringer, V. L and Cs{\'a}nyi, G.},
  journal =       {Physical Review B},
  month =         mar,
  number =        {9},
  pages =         {094203},
  title =         {{Machine learning based interatomic potential for amorphous carbon}},
  volume =        {95},
  year =          {2017},
}

@misc{Huo:2017ta,
  author =        {Huo, H. and Rupp, M.},
  title =         {Unified Representation of Molecules and Crystals for Machine Learning},
year =          {2017},
Eprint = {arXiv:1704.06439},
}


@article{Bartok:2013gf,
  author =        {Bart{\'o}k, A. P. and Gillan, M. J. and Manby, F. R. and Cs{\'a}nyi, G.},
  journal =       {Physical Review B},
  month =         aug,
  number =        {5},
  pages =         {054104--12},
  title =         {{Machine-learning approach for one- and two-body
                   corrections to density functional theory:
                   Applications to molecular and condensed water}},
  volume =        {88},
  year =          {2013},
}

@article{Behler:2011it,
  author =        {Behler, J.},
  journal =       {The Journal of Chemical Physics},
  number =        {7},
  pages =         {074106--14},
  title =         {{Atom-centered symmetry functions for constructing
                   high-dimensional neural network potentials}},
  volume =        {134},
  year =          {2011},
}

@article{Haasdonk:2007ff,
  author =        {Haasdonk, B. and Burkhardt, H.},
  journal =       {Machine Learning},
  month =         may,
  number =        {1},
  pages =         {35--61},
  title =         {{Invariant kernel functions for pattern analysis
                   and~machine learning}},
  volume =        {68},
  year =          {2007},
}

@article{Haussler:1999vp,
  author =        {Haussler, D.},
  title =         {{Convolution kernels on discrete structures}},
  year =          {1999},
  journal = {Technical Report, UCS-CRL-99-10, University of California at Santa Cruz}
}

@article{Hornik:1993dh,
  author =        {Hornik, K.},
  journal =       {Neural networks},
  month =         jan,
  number =        {8},
  pages =         {1069--1072},
  title =         {{Some new results on neural network approximation}},
  volume =        {6},
  year =          {1993},
}

@article{Szlachta:2014jh,
  author =        {Szlachta, W. J. and Bart{\'o}k, A. P. and
                   Cs{\'a}nyi, G.},
  journal =       {Physical Review B},
  month =         sep,
  number =        {10},
  pages =         {104108--6},
  title =         {{Accuracy and transferability of Gaussian
                   approximation potential models for tungsten}},
  volume =        {90},
  year =          {2014},
}

@article{Rowe:2017tw,
  author =        {Rowe, P. and Cs{\'a}nyi, G. and
                   Alf{\`e}, D. and Michaelides, A.},
  title =         {{Development of a machine learning potential for graphene}},
  journal = {Physical Review B},
  volume = {97},
  year =          {2018},
  pages= {054303},
}

@article{Anderson:1946ju,
  author =        {Anderson, T. W.},
  journal =       {The Annals of Mathematical Statistics},
  month =         dec,
  number =        {4},
  pages =         {409--431},
  title =         {{The Non-Central Wishart Distribution and Certain
                   Problems of Multivariate Statistics}},
  volume =        {17},
  year =          {1946},
}

@article{James:1955bo,
  author =        {James, A. T.},
  journal =       {Proceedings of the Royal Society A},
  month =         may,
  number =        {1178},
  pages =         {367--375},
  title =         {{A generating function for averages over the orthogonal group}},
  volume =        {229},
  year =          {1955},
}

@article{Faber:2018fv,
  author =        {Faber, F. A. and Christensen, A. S. and
                   Huang, B. and von Lilienfeld, O. A.},
  journal =       {The Journal of Chemical Physics},
  month =         jun,
  number =        {24},
  pages =         {241717--13},
  title =         {{Alchemical and structural distribution based
                   representation for universal quantum machine
                   learning}},
  volume =        {148},
  year =          {2018},
}

@article{Huang:2016gh,
  author =        {Huang, B. and von Lilienfeld, O. A.},
  journal =       {The Journal of Chemical Physics},
  month =         oct,
  number =        {16},
  pages =         {161102--7},
  title =         {{Communication: Understanding molecular representations in machine learning: The role of uniqueness and target similarity}},
  volume =        {145},
  year =          {2016},
}

@article{vonLilienfeld:2015ba,
  author =        {von Lilienfeld, O. A. and Ramakrishnan, R. and
                   Rupp, M. and Knoll, A.},
  journal =       {International Journal of Quantum Chemistry},
  month =         apr,
  number =        {16},
  pages =         {1084--1093},
  title =         {{Fourier series of atomic radial distribution
                   functions: A molecular fingerprint for machine
                   learning models of quantum chemical properties}},
  volume =        {115},
  year =          {2015},
}

@article{Mendelev:2003co,
  author =        {Mendelev, M. I. and Han, S. and Srolovitz, D. J. and
                   Ackland, G. J. and Sun, D. Y. and Asta, M.},
  journal =       {Philosophical Magazine},
  month =         dec,
  number =        {35},
  pages =         {3977--3994},
  title =         {{Development of new interatomic potentials
                   appropriate for crystalline and liquid iron}},
  volume =        {83},
  year =          {2003},
}

@article{Csanyi:2004dh,
  author =        {Cs{\'a}nyi, G. and Albaret, T. and Payne, M. C. and
                   De Vita, A.},
  journal =       {Physical Review Letters},
  month =         oct,
  number =        {17},
  pages =         {175503--4},
  title =         {{{\textquotedblleft}Learn on the
                   Fly{\textquotedblright}: A Hybrid Classical and
                   Quantum-Mechanical Molecular Dynamics Simulation}},
  volume =        {93},
  year =          {2004},
}

@article{Botu:2014kc,
  author =        {Botu, V. and Ramprasad, R.},
  journal =       {International Journal of Quantum Chemistry},
  month =         dec,
  title =         {{Adaptive machine learning framework to accelerate ab initiomolecular dynamics}},
  year =          {2014},
  volume = {115},
  pages = {1074-1083},
  
}

@article{Caccin:2015co,
  author =        {Caccin, M. and Li, Z. and Kermode, J. R. and De Vita, A.},
  journal =       {International Journal of Quantum Chemistry},
  month =         jun,
  title =         {{A framework for machine-learning-augmented multiscale atomistic simulations on parallel supercomputers}},
  year =          {2015},
  volume = {115},
  pages = {1129-1139},
}

@article{Grisafi:2017tw,
  author =        {Grisafi, A. and Wilkins, D. M. and
                   Cs{\'a}nyi, G. and Ceriotti, M.},
  month =         sep,
  title =         {Symmetry-Adapted Machine-Learning for Tensorial Properties of Atomistic Systems},
  year =          {2018},
  journal = {Physical Review Letters},
  volume = {120},
  pages = {036002},
}

@article{Bereau:2017vq,
  author =        {Bereau, T. and DiStasio, R. A. and
                   Tkatchenko, A. and von Lilienfeld, O. A.},
  journal =       {Journal of Chemical Physics},
  month =         jun,
  number =        {24},
  pages =         {241706},
  title =         {{Non-covalent interactions across organic and biological subsets of chemical space: Physics-based potentials parametrized from machine learning}},
  volume =        {148},
  year =          {2018},
}

@book{Mehta:1086514,
  address =       {San Diego, CA},
  author =        {Mehta, M. L.},
  publisher =     {Elsevier},
  series =        {Pure and applied mathematics series},
  title =         {{Random Matrices; 3rd ed.}},
  year =          {2004},
}

@article{Aubert:2003hs,
  author =        {Aubert, S. and Lam, C. S.},
  journal =       {Journal of Mathematical Physics},
  number =        {12},
  pages =         {6112--21},
  title =         {{Invariant integration over the unitary group}},
  volume =        {44},
  year =          {2003},
}

@article{Mercer:1909wb,
  author =        {Mercer, J.},
  journal =       {Proceedings of the Royal Society A},
  month =         nov,
  number =        {559},
  pages =         {69--70},
  title =         {{Functions of positive and negative type, and their connection with the theory of integral equations}},
  volume =        {83},
  year =          {1909},
}

@phdthesis{Narcowich:2007tl,
  address =       {Texas A{\&}M University},
  author =        {Fuselier Jr, E. J.},
  month =         may,
  title =         {{Refined error estimates for matrix-valued radial basis functions}},o
  year =          {2006},
}

@article{Perdew:1996iq,
  author =        {Perdew, J. P. and Burke, K. and Ernzerhof, M.},
  month =         oct,
  number =        {18},
  pages =         {3865--3868},
  title =         {{Generalized Gradient Approximation Made Simple}},
  journal = {Physical Review Letters},
  volume =        {77},
  year =          {1996},
}

@article{Bianchini:2016jn,
  author =        {Bianchini, F. and Kermode, J. R. and De Vita, A.},
  journal =       {Modelling and Simulation in Materials Science and Engineering},
  month =         apr,
  volume = {24},
  pages =         {045012},
  title =         {{Modelling defects in Ni{\textendash}Al with EAM and DFT calculations}},
  year =          {2016},
}

@phdthesis{Bianchini:2016tm,
  author =        {Bianchini, F.},
  month =         aug,
  title =         {Mechanical Properties of Nickel-based Superalloys A Multiscale Atomistic Investigation},
  year =          {2016},
}

@article{vonPezold:2011iz,
  author =        {von Pezold, J. and Lymperakis, L. and
                   Neugebeauer, J.},
  journal =       {Acta Materialia},
  month =         may,
  number =        {8},
  pages =         {2969--2980},
  title =         {{Hydrogen-enhanced local plasticity at dilute bulk H
                   concentrations: The role of H-H interactions and the
                   formation of local hydrides}},
  volume =        {59},
  year =          {2011},
}

@article{Elstner:1998gh,
  author =        {Elstner, M. and Porezag, D. and Jungnickel, G. and
                   Elsner, J. and Haugk, M. and Frauenheim, T. and
                   Suhai, S. and Seifert, G.},
  journal =       {Physical Review B},
  month =         sep,
  number =        {11},
  pages =         {7260--7268},
  title =         {{Self-consistent-charge density-functional
                   tight-binding method for simulations of complex
                   materials properties}},
  volume =        {58},
  year =          {1998},
}

@article{Jones:2011fh,
  author =        {Jones, A. and Leimkuhler, B.},
  journal =       {The Journal of Chemical Physics},
  number =        {8},
  pages =         {084125--12},
  title =         {{Adaptive stochastic methods for sampling driven
                   molecular systems}},
  volume =        {135},
  year =          {2011},
}

@article{Hansen:2015jb,
  author =        {Hansen, K. and Biegler, F. and
                   Ramakrishnan, R. and Pronobis, W. and
                   von Lilienfeld, O. A. and M{\"u}ller, K. R. and
                   Tkatchenko, A.},
  journal =       {The Journal of Physical Chemistry Letters},
  month =         jun,
  number =        {12},
  pages =         {2326--2331},
  title =         {{Machine Learning Predictions of Molecular
                   Properties: Accurate Many-Body Potentials and
                   Nonlocality in Chemical Space}},
  volume =        {6},
  year =          {2015},
}

@article{Shapeev:2016kna,
  author =        {Shapeev, A. V.},
  journal =       {Multiscale Modeling {\&} Simulation},
  month =         jan,
  number =        {3},
  pages =         {1153--1173},
  title =         {{Moment Tensor Potentials: A Class of Systematically
                   Improvable Interatomic Potentials}},
  volume =        {14},
  year =          {2016},
}

@article{computation:1996fp,
  author =        {Wolpert, D. H.},
  journal =       {Neural Computation},
  pages =         {1341--1390},
  title =         {{The lack of a priori distinctions between learning algorithms}},
  volume =        {8},
  year =          {1996},
}

@article{Jefferys:1992kl,
  author =        {Jefferys, W. H and Berger, J. O.},
  journal =       {American Scientist},
  month =         jan,
  number =        {1},
  pages =         {64--72},
  title =         {{Ockham's Razor and Bayesian Analysis}},
  volume =        {80},
  year =          {1992},
}

@inproceedings{Rasmussen:vk,
booktitle = {Advances in Neural Information Processing Systems 13},
  author =        {Rasmussen, C. E. and Ghahramani, Z.},
  pages = {294-300},
  year = {2001}
  title =         {{Occam's razor}},
}

@article{Ghahramani:2015ee,
  author =        {Ghahramani, Z.},
  journal =       {Nature},
  month =         may,
  number =        {7553},
  pages =         {452--459},
  title =         {{Probabilistic machine learning and artificial
                   intelligence.}},
  volume =        {521},
  year =          {2015},
}

@article{Jacobs:1991bk,
  author =        {Jacobs, R. A. and Jordan, M. I. and
                   Nowlan, S. J. and Hinton, G. E.},
  journal =       {Neural computation},
  month =         feb,
  number =        {1},
  pages =         {79--87},
  title =         {{Adaptive Mixtures of Local Experts}},
  volume =        {3},
  year =          {1991},
}

@inproceedings{Rasmussen:2002ty,
  author =        {Rasmussen, C. E. and Ghahramani, Z.},
  booktitle =     {Advances in Neural Information Processing Systems 14},
  title =         {{Infinite mixtures of Gaussian process experts}},
  year =          {2002},
  pages = {881-888},
}

@article{Mavracic:2018da,
  author =        {Mavra{\v c}i{\'c}, J. and Mocanu, F. C. and
                   Deringer, V. L. and Cs{\'a}nyi, G. and
                   Elliott, S. R.},
  journal =       {The Journal of Physical Chemistry Letters},
  month =         may,
  number =        {11},
  pages =         {2985--2990},
  title =         {{Similarity Between Amorphous and Crystalline~Phases:
                   The~Case~of~TiO2}},
  volume =        {9},
  year =          {2018},
}

@article{De:2017kx,
  author =        {De, S. and Musil, F. and Ingram, T. and
                   Baldauf, C. and Ceriotti, M.},
  journal =       {Journal of Cheminformatics},
  month =         jan,
  pages =         {1--14},
  title =         {{Mapping and classifying molecules from a
                   high-throughput structural database}},
  year =          {2017},
}

@article{Breiman:1996fi,
  author =        {Breiman, L.},
  journal =       {Machine Learning},
  month =         aug,
  number =        {2},
  pages =         {123--140},
  title =         {{Bagging predictors}},
  volume =        {24},
  year =          {1996},
}

@article{Sagi:2018cu,
  author =        {Sagi, O. and Rokach, L.},
  journal =       {Wiley Interdisciplinary Reviews: Data Mining and Knowledge Discovery},
  month =         feb,
  number =        {4},
  pages =         {e1249--18},
  title =         {{Ensemble learning: A survey}},
  volume =        {8},
  year =          {2018},
}


@techreport{:2008eq,
  author = {Sewell, M.},
  number = {RN/11/02},
  institution = {Department of Computer Science, UCL, London},
  title =         {{Ensemble learning}},
  year =          {2008},
}

@article{Takahashi:2017th,
  author =        {Takahashi, A. and Seko, A. and Tanaka, I.},
  month =         oct,
  title =         {{Linearized machine-learning interatomic potentials
                   for non-magnetic elemental metals: Limitation of
                   pairwise descriptors and trend of predictive power}},
  year =          {2017},
}

@book{Altland:2010ww,
  author =        {Altland, A. and Ben D. S.},
  month =         mar,
  publisher =     {Cambridge University Press},
  title =         {{Condensed Matter Field Theory}},
  year =          {2010},
}

@book{Becca:2017hh,
  author =        {Becca, F. and Sorella, S.},
  edition =       {1},
  month =         nov,
  publisher =     {Cambridge University Press},
  title =         {{Quantum Monte Carlo Approaches for Correlated
                   Systems}},
  year =          {2017},
}

@article{Hubbard:1963jq,
  author =        {Hubbard, J.},
  journal =       {Proceedings of the Royal Society A},
  number =        {1364},
  pages =         {238--+},
  title =         {{Electron Correlations in Narrow Energy Bands}},
  volume =        {276},
  year =          {1963},
}

@book{Essler:2005uw,
  author =        {Essler, F. H. L. and Frahm, H. and
                   G{\"o}hmann, F. and Kl{\"u}mper, A. and
                   Korepin, V. E.},
  month =         feb,
  publisher =     {Cambridge University Press},
  title =         {{The One-Dimensional Hubbard Model}},
  year =          {2005},
}

@article{LeBlanc:2015ha,
  author =        {LeBlanc, J. P. F. and Antipov, A. E. and
                   Becca, F. and Bulik, I. W. and
                   Chan, G. K. and Chung, C. and
                   Deng, Y. and Ferrero, M. and
                   Henderson, T. M. and Jim{\'e}nez-Hoyos, C. A. and
                   Kozik, E. and Liu, X. and Millis, A. J. and
                   Prokof'ev, N. V. and Qin, M. and
                   Scuseria, G. E. and Shi, H. and Svistunov, B. V. and
                   Tocchio, L. F. and Tupitsyn, I. S. and White, S. R. and
                   Zhang, S. and Zheng, B. and Zhu, Z. and
                   Gull, E. and
                   {Simons Collaboration on the Many-Electron Problem}},
  journal =       {Physical Review X},
  month =         dec,
  number =        {4},
  pages =         {517--28},
  title =         {{Solutions of the Two-Dimensional Hubbard Model:
                   Benchmarks and Results from a Wide Range of Numerical
                   Algorithms}},
  volume =        {5},
  year =          {2015},
}

@article{RodriguezGuzman:2013bw,
  author =        {Rodr{\'\i}guez-Guzm{\'a}n, R. and
                   Jim{\'e}nez-Hoyos, C. A. and Schutski, R. and
                   Scuseria, G. E.},
  journal =       {Physical Review B},
  month =         jun,
  number =        {23},
  pages =         {96--14},
  title =         {{Multireference symmetry-projected variational
                   approaches for ground and excited states of the
                   one-dimensional Hubbard model}},
  volume =        {87},
  year =          {2013},
}

@article{Deng:2015tr,
  author =        {Deng, Y. and Kozik, E. and Prokof'ev, N. V.},
  journal =       {Europhysics Letters},
  volume = {110},
  title =         {{Emergent BCS regime of the two-dimensional fermionic Hubbard model: Ground-state phase diagram}},
  year =          {2015},
  pages = {57001},
}

@book{Sakurai:2017uw,
  author =        {Sakurai, J. J. and Napolitano, J.},
  month =         sep,
  publisher =     {Cambridge University Press},
  title =         {{Modern Quantum Mechanics}},
  year =          {2017},
}

@article{Hastings:1970gd,
  author =        {Hastings, W. K.},
  journal =       {Biometrika},
  number =        {1},
  pages =         {97},
  title =         {{Monte-Carlo sampling methods using Markov chains and their applications}},
  volume =        {57},
  year =          {1970},
}

@article{Neuscamman:2011fm,
  author =        {Neuscamman, E. and Changlani, H. and
                   Kinder, J. and Chan, G. K.},
  journal =       {Physical Review B},
  month =         nov,
  number =        {20},
  pages =         {205132--9},
  title =         {{Nonstochastic algorithms for Jastrow-Slater and
                   correlator product state wave functions}},
  volume =        {84},
  year =          {2011},
}

@article{Toulouse:2008ci,
  author =        {Toulouse, J. and Umrigar, C. J.},
  journal =       {The Journal of Chemical Physics},
  month =         may,
  number =        {17},
  pages =         {174101--15},
  title =         {{Full optimization of Jastrow{\textendash}Slater wave
                   functions with application to the first-row atoms and
                   homonuclear diatomic molecules}},
  volume =        {128},
  year =          {2008},
}

@article{Casula:2003do,
  author =        {Casula, M. and Sorella, S.},
  journal =       {The Journal of Chemical Physics},
  month =         oct,
  number =        {13},
  pages =         {6500--6511},
  title =         {{Geminal wave functions with Jastrow correlation: A
                   first application to atoms}},
  volume =        {119},
  year =          {2003},
}

@article{Sun:2017kx,
  author =        {Sun, Q. and Berkelbach, T. C. and
                   Blunt, N. S. and Booth, G. H. and Guo, S. and
                   Li, Z. and Liu, J. and McClain, J. D. and
                   Sayfutyarova, E. R. and Sharma, S. and
                   Wouters, S. and Chan, G. K.},
  journal =       {Wiley Interdisciplinary Reviews: Computational Molecular Science},
  month =         sep,
  number =        {1},
  pages =         {e1340--15},
  title =         {{PySCF: the Python-based simulations of chemistry framework}},
  volume =        {8},
  year =          {2018},
}

@article{White:1992ie,
  author =        {White, S. R.},
  pages =         {2863--2866},
  title =         {Density Matrix Formulation for Quantum Renormalization Groups},
  journal = {Physical Review Letters},
  volume =        {69},
  year =          {1992},
}

@article{Schollwock:2011ht,
  author =        {Schollw{\"o}ck, U.},
  journal =       {Philosophical Transactions of the Royal Society A:
                   Mathematical, Physical and Engineering Sciences},
  month =         jul,
  number =        {1946},
  pages =         {2643--2661},
  title =         {{The density-matrix renormalization group: a short
                   introduction.}},
  volume =        {369},
  year =          {2011},
}

@article{OlivaresAmaya:2015hi,
  author =        {Olivares-Amaya, R. and Hu, W. and
                   Nakatani, N. and Sharma, S. and Yang, J. and
                   Chan, G. K.},
  journal =       {The Journal of Chemical Physics},
  month =         jan,
  number =        {3},
  pages =         {034102--14},
  title =         {{The ab-initio density matrix renormalization group in practice}},
  volume =        {142},
  year =          {2015},
}

@misc{Ruder:2016tr,
Author = {Ruder, S.},
title = {An overview of gradient descent optimization algorithms},
Year = {2016},
Eprint = {arXiv:1609.04747},
}

@article{Sorella:1998iz,
  author =        {Sorella, S.},
  journal =       {Physical Review Letters},
  month =         may,
  number =        {20},
  pages =         {4558--4561},
  title =         {{Green Function Monte Carlo with Stochastic
                   Reconfiguration}},
  volume =        {80},
  year =          {1998},
}

@inproceedings{Lawrence:2003ue,
  author =        {Lawrence, N. and Seeger, M. and Herbrich, R.},
  booktitle =     {Advances in Neural Information Processing Systems 15},
  title =         {{Fast sparse Gaussian process methods: The informative vector machine}},
  year =          {2002},
  pages = {625--632},
}

@inproceedings{Tipping:ud,
  author =        {Tipping, M. E.},
  booktitle =     {Advances in Neural Information Processing Systems 12},
  title =         {{The relevance vector machine}},
  pages = {652--658},
year = {2000},
}

@inproceedings{Anonymous:p-iVveRZ,
  author =        {Snelson, E. and Ghahramani, Z.},
  booktitle = {Advances in Neural Information Processing Systems 18},
  title =         {{Sparse Gaussian processes using pseudo-inputs}},
  pages = {1257--1264},
year = {2006},
}

@article{BoloixTortosa:2018fu,
  author =        {Boloix-Tortosa, R. and
                   Murillo-Fuentes, J. J. and
                   Payan-Somet, F. J. and
                   Perez-Cruz, F.},
  journal =       {IEEE Transactions on Neural Networks and Learning
                   Systems},
  month =         oct,
  number =        {11},
  pages =         {5499--5511},
  title =         {{Complex Gaussian Processes for Regression}},
  volume =        {29},
  year =          {2018},
}

@article{Zeni:2018to,
  author =        {Zeni, C. and Rossi, K. and Glielmo, A. and
                   Fekete, {\'A}. and Gaston, N. and
                   Baletto, F. and De Vita, A.},
  journal =       {The Journal of Chemical Physics},
  month =         jun,
  number =        {24},
  pages =         {241739},
  title =         {{Building machine learning force fields for
                   nanoclusters}},
  volume =        {148},
  year =          {2018},
  annote =        {doi: 10.1063/1.5024558},
}

@article{Anonymous:smGiV4fJ,
  author =        {Larsen, A. H. and Mortensen, J. J. and
                   Blomqvist, J. and Castelli, I. E. and
                   Christensen, R. and Du{\l}ak, M. and
                   Friis, J. and Groves, M. N and
                   Hammer, B. and Hargus, C. and Hermes, E. D. and
                   Jennings, P. C. and Jensen, P. B. and
                   Kermode, J. and Kitchin, J. R. and
                   Kolsbjerg, E. L. and Kubal, J. and
                   Kaasbjerg, K. and Lysgaard, S. and
                   Maronsson, J. B. and Maxson, T. and
                   Olsen, T. and Pastewka, L. and Peterson, A. and
                   Rostgaard, C. and Schi{\o}tz, J. and
                   Sch{\"u}tt, O. and Strange, M. and
                   Thygesen, K. S. and Vegge, T. and
                   Vilhelmsen, L. and Walter, M. and
                   Zeng, Z. and Jacobsen, K. W.},
  journal =       {Journal of Physics-Condensed Matter},
  month =         jul,
  number =        {27},
  pages =         {273002},
  title =         {{The atomic simulation environment{\textemdash}a
                   Python library for working with atoms}},
  volume =        {29},
  year =          {2017},
}

@misc{mff_package,
  author =        {Zeni, C. and Fekete, {\'{A}}. and
                   Glielmo, A.},
  note =          {Code: \url{https://github.com/kcl-tscm/mff}; Documentation:
                   \url{https://mff.readthedocs.io/en/latest/}; DOI:
                   \url{https://doi.org/10.5281/zenodo.1475959}.},
  title =         {{MFF}: a {Python} package for building nonparametric force fields from machine learning},
  year =          {2018},
}

@article{Tipping:2001wb,
  author =        {Tipping, M. E.},
  journal =       {Journal of Machine Learning Research},
  number =        {Jun},
  pages =         {211--244},
  title =         {{Sparse Bayesian Learning and the Relevance Vector
                   Machine}},
  volume =        {1},
  year =          {2001},
}

@inproceedings{Tipping:ws,
  author =        {Tipping, M. E. and Faul, A. C.},
  title =         {{Fast marginal likelihood maximisation for sparse Bayesian models}},
  booktitle = {International Conference on Artificial Intelligence and Statistics 9},
    year = {2003},
    pages = {3--6}
}

@article{Mahoney:2009bp,
  author =        {Mahoney, M. W. and Drineas, P.},
  journal =       {Proceedings of the National Academy of Sciences},
  number =        {3},
  pages =         {697--702},
  title =         {{CUR matrix decompositions for improved data
                   analysis}},
  volume =        {106},
  year =          {2009},
}

@inproceedings{Titsias:2009vfa,
  author =        {Titsias, M. K.},
  pages =         {567--574},
  title =         {{Variational learning of inducing variables in sparse Gaussian processes}},
  year =          {2009},
   booktitle = 	 {International Conference on Artificial Intelligence and Statistics 12},
}

@inproceedings{Hensman:2013tn,
  author =        {Hensman, J. and Fusi, N. and Lawrence, N. D.},
  booktitle =       {Conference on Uncertainty in Artificial Intelligence 29},

  title =         {{Gaussian Processes for Big Data}},
 year = {2013},
 pages = {282--290}
}

@article{Darmawan:2018gg,
  author =        {Darmawan, A. S. and Nomura, Y. and
                   Yamaji, Y. and Imada, M.},
  journal =       {Physical Review B},
  month =         nov,
  number =        {20},
  pages =         {205132},
  title =         {{Stripe and superconducting order competing in the
                   Hubbard model on a square lattice studied by a
                   combined variational Monte Carlo and tensor network
                   method}},
  volume =        {98},
  year =          {2018},
}

@book{Berger:2013ba,
  address =       {New York, NY},
  author =        {Berger, J. O.},
  month =         mar,
  publisher =     {Springer Science {\&} Business Media},
  series =        {Springer Series in Statistics},
  title =         {{Statistical Decision Theory and Bayesian Analysis}},
  year =          {2013},
}

@book{Abramowitz:1972vl,
  author =        {Abramowitz, M. and Stegun, I. A.},
  publisher =     {National Bureau of Standards: Applied Mathematics
                   Series},
  title =         {{Handbook of mathematical functions with formulas,
                   graphs, and mathematical tables}},
  year =          {1972},
}

